3293 5233
548 405 669 468 188
1208 417 1665 471 TrrssoDoRus
1712 416 2297 470 MOPSUESTENUS
2592 402 2739 490 [VL
2779 420 2962 487 1—7.

667 588 914 654 exinde
944 589 1223 655 uertitur
1251 590 1338 654 ad
1369 592 1574 655 alium
1606 590 1940 667 affectum,
1970 589 2213 654 deinde
2245 599 2313 654 et
2343 591 2428 654 ad
2462 600 2809 673 parentes:

646 724 810 808 filii,
858 725 1133 789 oboedite
1167 727 1557 807 parentibus
1592 726 1831 791 uestris
1869 726 1941 790 in
1976 725 2302 801 Domino,·
2347 725 2462 788 hoc
2491 726 2667 789 enim
2707 726 2954 790 iustum

531 837 642 894 est.

665 947 1017 1010 ostendere
1068 968 1228 1011 uero
1276 948 1552 1030 cupiens
1593 947 1911 1030 quoniam
1942 947 2029 1010 de
2058 945 2164 1009 his
2192 947 2397 1010 etiam
2430 945 2707 1028 antiqua
2737 947 2852 1011 lex
2882 948 2954 1011 id

467 1065 499 1133 5
536 1059 993 1133 praeceperat:

662 1188 904 1250 honora
939 1188 1201 1270 (inquit)
1222 1198 1484 1268 patrem
1516 1198 1703 1251 tuum
1733 1198 1796 1251 et
1823 1198 2116 1264 matrem,
2141 1187 2316 1269 quod
2337 1198 2432 1251 est
2435 1189 2734 1270 primum
2765 1210 2954 1253 man-

528 1288 758 1351 datum
812 1289 883 1351 in
920 1290 1346 1369 promissione
1361 1314 1392 1364 ,·
1453 1300 1528 1353 ut
1578 1291 1725 1353 bene
1774 1290 1898 1353 tibi
1925 1290 2083 1374 fiat,
2131 1301 2195 1354 et
2240 1290 2336 1352 sis
2380 1291 2726 1373 longaeuus
2761 1303 2957 1373 super

531 1402 793 1457 terram.
881 1403 942 1455 et
971 1414 1097 1469 uos,
1113 1403 1357 1474 patres,
1390 1393 1583 1455 nolite
1613 1392 1985 1457 exacerbare
2008 1393 2197 1477 filios
2236 1403 2512 1471 uestros;
2555 1394 2674 1457 sed
2703 1394 2954 1458 nutrite

527 1514 629 1556 eos
657 1494 727 1556 in
755 1494 1098 1576 disciplina
1126 1505 1188 1558 et
1214 1495 1649 1557 admonitione
1677 1494 1967 1559 Domini.

427 1640 507 1688 10
661 1642 817 1684 nam
872 1622 1049 1704 quod
1105 1621 1281 1696 dicit,
1326 1622 1517 1683 nolite
1564 1621 1948 1698 exacerbare,
1992 1622 2120 1685 hoc
2160 1633 2276 1700 est,
2327 1622 2557 1687 ‘nolite
2606 1615 2948 1706 despicere

529 1743 743 1805 neque
792 1744 1112 1806 respuere,
1162 1723 1277 1786 sed
1321 1723 1541 1786 fouete
1588 1724 1801 1805 magis
1834 1744 1963 1799 e05‚
1997 1734 2064 1787 et
2095 1726 2415 1788 sustinete
2447 1724 2946 1808 delinquentes!

528 1834 596 1887 et
629 1825 865 1888 iterum
898 1825 982 1888 ad
1016 1825 1295 1889 alterum
1329 1826 1569 1906 migrat
1601 1825 1913 1889 affectum
1948 1851 1961 1889 :

656 1975 846 2052 serui,
878 1976 1151 2039 oboedite
1178 1975 1462 2039 dominis
1494 1975 1762 2060 (inquit)
1796 1976 2137 2040 secundum
2167 1998 2423 2040 carnem
2452 1997 2596 2039 cum
2628 1976 2856 2040 timore
2883 1988 2949 2041 et

527 2089 836 2153 tremore‚·
882 2077 953 2140 in
982 2077 1390 2158 simplicitate
1418 2080 1628 2141 cordis
1659 2079 1874 2155 uestri,
1910 2089 2244 2161 tamquam
2279 2067 2553 2144 Christo,

424 2213 501 2280 15
657 2212 724 2265 et
777 2202 1091 2284 quoniam
1143 2204 1463 2266 incertum
1513 2213 1654 2266 erat
1710 2204 1868 2267 illud
1924 2205 2102 2286 quod
2156 2206 2421 2268 dixerat
2463 2205 2631 2267 sicut
2670 2203 2940 2279 Christo,

527 2309 802 2370 modum
834 2326 967 2389 quo
1000 2306 1158 2369 illud
1192 2308 1456 2370 dixerat
1487 2309 1753 2390 pandit:

656 2462 781 2504 non
832 2441 927 2503 ad
969 2442 1216 2503 oculum
1252 2441 1443 2517 serui,
1480 2441 1650 2504 sicut
1683 2441 2053 2505 hominibus
2065 2441 2399 2522 placentes,
2431 2440 2547 2502 sed
2569 2439 2736 2502 sicut
2761 2441 2944 2504 serui

530 2544 791 2621 Christi,
827 2545 1146 2627 facientes
1191 2546 1582 2607 uoluntatem
1614 2543 1747 2607 Dei
1789 2564 1867 2607 ex
1910 2545 2170 2620 animo,·
2215 2563 2359 2606 cum
2405 2543 2566 2608 bona
2611 2544 2941 2608 uoluntate

519 2650 863 2712 seruientes
890 2648 1173 2712 Domino
1202 2658 1264 2711 et
1291 2669 1414 2711 non
1444 2648 1823 2711 hominibus,

413 2795 500 2842 20
655 2777 849 2840 ‘serui
894 2774 1163 2859 (inquit)
1202 2777 1361 2839 estis
1405 2776 1668 2840 Christi.
1759 2775 2072 2837 conuenit
2121 2796 2279 2856 ergo
2321 2796 2442 2838 uos
2482 2796 2641 2859 erga
2678 2786 2937 2840 uestros

522 2880 830 2943 dominos
886 2880 1134 2943 bonam
1177 2879 1495 2941 exhibere
1538 2879 1971 2954 uoluntatem,
2018 2900 2099 2941 eo
2149 2879 2328 2960 quod
2372 2879 2499 2942 hoc
2539 2880 2683 2945 uult
2730 2881 2936 2958 DeuS,

522 2996 594 3048 ut
626 2984 919 3067 perfecto
951 2985 1175 3046 animo
1220 2983 1643 3064 adimpleatis
1676 2983 1733 3044 ei
1768 2984 2016 3059 uicem;
2058 2993 2132 3044 ut
2169 2984 2338 3045 serui
2385 2985 2628 3048 Christi
2666 2996 2938 3068 propter

523 3089 766 3153 Christi
815 3088 1072 3151 faciatis
1114 3087 1346 3167 legem,
1397 3087 1583 3167 quasi
1641 3086 1906 3149 Christo
1955 3087 2077 3168 ipsi
2124 3087 2250 3149 ista
2292 3088 2645 3169 implentes
2662 3111 2676 3165 3
2727 3090 2820 3152 ita
2862 3100 2937 3153 ut

520 3192 631 3255 illa
677 3212 846 3274 quae
888 3189 1071 3265 fiunt,
1118 3188 1266 3251 Deo
1304 3198 1574 3271 propter
1627 3197 1920 3250 uestrum
1969 3196 2356 3268 reputentur
2396 3188 2775 3252 arbitrium.'
2866 3201 2939 3254 et

622 3363 641 3394 1
680 3347 898 3395 alienum
924 3345 1036 3409 (sor
1066 3346 1236 3406 alium)
1269 3345 1332 3393 II
1546 3361 1572 3393 2
1613 3344 1684 3392 fili
1715 3344 1758 3392 C
1961 3356 1987 3404 5
2025 3344 2331 3408 praeceperit
2371 3345 2416 3393 C
2644 3360 2675 3409 9
2709 3345 2938 3395 admoni-

519 3427 707 3476 tionem
736 3427 810 3475 C*
837 3428 903 3474 II
1096 3441 1151 3488 13
1188 3435 1235 3473 et
1262 3434 1473 3473 tremore
1496 3441 1571 3472 om
1602 3426 1645 3472 C
1653 3423 1680 3448 ⁴*
1886 3422 1944 3473 16
1978 3425 2112 3487 quod
2137 3425 2202 3473 H
2395 3437 2451 3485 17
2487 3440 2589 3474 non
2622 3427 2688 3475 ad
2722 3442 2799 3475 oe.
2836 3442 2936 3476 ser-

518 3508 710 3557 uientes
739 3508 782 3555 C
804 3507 947 3568 (corr)
1152 3521 1208 3571 ¹9
1244 3506 1356 3553 Deo
1383 3506 1496 3569 (sor
1520 3505 1762 3564 Domino)
1788 3505 1852 3552 H

591 3641 631 3672 1.
700 3623 858 3671 alium
904 3621 1154 3685 affictum]
1222 3622 1304 3670 Cf.
1342 3639 1418 3670 vv.
1455 3623 1529 3679 ll.,
1574 3622 1675 3670 and
1844 3622 1893 3669 8.
1961 3621 2344 3684 nolite...ncque]
2408 3622 2678 3682 μὴ...μηδέ.

517 3720 600 3753 see
624 3720 674 3767 p.
706 3706 810 3762 182,
843 3703 874 3750 l.
900 3718 969 3767 19,
1001 3712 1133 3751 note.
1201 3702 1442 3749 Alienum
1468 3702 1568 3765 (see
1592 3718 1674 3749 vv.
1851 3719 1920 3765 13.
1995 3703 2208 3752 dominis
2228 3720 2312 3753 sec.
2344 3705 2566 3765 carnem]
2618 3705 2717 3753 τοῖς
2740 3720 2782 3752 κ.
2808 3706 2938 3753 κατὰ

519 3785 593 3846 11.)
635 3784 795 3847 might
832 3798 1006 3832 mean:
1050 3784 1298 3833 ‘towards
1338 3783 1521 3837 others.
1561 3784 1676 3831 who
1778 3783 1947 3843 σάρκα.
2023 3783 2089 3832 Ο.
2117 3785 2175 3831 L.
2202 3784 2301 3831 and
2328 3784 2500 3848 Vulg„
2527 3787 2828 3838 carnalibus.

517 3885 601 3918 are
624 3878 712 3917 not
747 3884 843 3917 one
866 3867 987 3917 flesh
1014 3867 1134 3916 with
1160 3883 1231 3926 υς,
1260 3883 1314 3915 as
1339 3866 1422 3914 the
1444 3866 1675 3914 husband
1851 3882 1919 3926 14.
1992 3873 2250 3929 tamquam
2312 3866 2529 3927 Christo]
2604 3867 2668 3917 O.
2721 3868 2778 3917 L.
2831 3870 2933 3920 and

519 3953 559 4000 is
584 3952 703 4000 with
727 3951 810 3999 the
836 3949 980 3998 wife.¹
1780 3946 1948 4009 Vulg.,
1986 3948 2160 3995 “sicut
2186 3947 2448 4005 Christo‘';
2483 3964 2565 3996 see
2588 3954 2704 3996 next
2729 3948 2846 3998 line.

589 4046 632 4094 7.
701 4038 757 4079 ul
789 4033 899 4080 hene
933 4031 1023 4079 tibi
1038 4029 1169 4094 fiat]
1234 4030 1345 4077 The
1381 4029 1529 4077 Latin
1564 4045 1672 4077 ver·
1845 4026 1916 4078 16.
1991 4028 2455 4091 modum...pandil]
2523 4029 2674 4078 Cited
2707 4031 2772 4093 by
2799 4030 2933 4079 Lan·

517 4120 651 4168 sions
707 4119 804 4166 less
848 4113 1156 4176 accurately:
1213 4119 1272 4158 ut
1313 4112 1425 4159 bene
1467 4111 1558 4159 tibi
1608 4112 1676 4158 sit
1773 4109 1928 4159 franc.

521 4197 776 4262 (γένηται).
846 4196 1166 4254 Exacerbare,
1214 4193 1546 4243 admonitione
1586 4210 1671 4243 are
1845 4209 1915 4258 19.
1985 4192 2240 4240 seruientes
2295 4193 2535 4254 Domino]
2632 4194 2724 4243 Th.
2733 4193 2770 4243 ’s
2827 4202 2932 4245 text

517 4284 624 4331 also
648 4283 698 4330 in
726 4280 823 4328 this
855 4279 996 4342 place
1028 4276 1246 4340 peculiar
1269 4284 1320 4324 to
1344 4292 1435 4324 our
1464 4276 1671 4323 transla-
1773 4291 1933 4323 seems
1968 4284 2020 4323 to
2054 4276 2180 4323 have
2218 4276 2428 4324 omitted
2461 4276 2535 4325 ὡς.
2612 4276 2657 4323 It
2692 4276 2734 4325 is
2767 4293 2930 4341 repre·

521 4370 612 4420 tor,
658 4360 847 4422 though
889 4358 1092 4422 Jerome
1130 4356 1201 4403 ad
1234 4357 1282 4404 Ιι.
1324 4356 1358 4404 l.
1404 4356 1670 4418 suggested
1774 4358 1946 4407 sented
1972 4358 2023 4406 in
2046 4359 2130 4406 the
2155 4358 2302 4405 Latin
2328 4358 2566 4406 versinus.

520 4445 603 4493 t—he
626 4445 772 4492 latter
795 4441 932 4490 word
955 4457 1009 4489 as
1033 4438 1309 4502 preferable
1332 4447 1384 4487 to
1410 4439 1492 4487 the
1516 4438 1579 4487 O.
1607 4439 1667 4486 L.
1838 4455 1916 4487 22.
1980 4447 2182 4502 propter
2208 4438 2424 4499 eluisti]
2480 4440 2574 4487 See
2598 4456 2649 4503 p.
2676 4442 2753 4502 83,
2783 4440 2817 4488 1.
2847 4457 2925 4503 20,

515 4526 816 4589 correptione.
1771 4531 1904 4571 note.
1975 4522 2048 4571 Or
2071 4531 2279 4571 connect
2295 4523 2723 4586 propter...legcm.
