3293 5233
567 382 652 446 86
1228 392 1682 445 THEoDoRus
1729 392 2314 446 MOPSUESTENUS
2692 382 2835 466 [IV.
2874 400 2973 464 30·

566 564 790 630 autem
849 562 1191 630 κατακάων
1254 564 1584 647 Spiritum
1642 563 1861 640 dixit,·
1901 562 2029 628 hoc
2088 566 2210 642 est,
2274 574 2346 629 ut
2400 565 2580 630 dicat
2642 566 2793 632 'eum
2856 571 2973 650 qui

562 667 929 732 secundum
991 668 1496 752 promissionem
1559 678 1703 745 est;
1777 689 1859 731 eo
1904 669 2089 750 quod
2136 679 2433 733 nostram
2483 691 2835 753 personam
2883 671 2972 735 ad

564 769 1065 834 similitudinem
1099 768 1271 834 illius
1304 780 1447 835 erat
1479 771 1866 834 econtrario
1898 771 2251 853 positurus,
2299 773 2364 835 in
2399 773 2642 854 quibus
2679 772 2975 853 Spiritus

566 890 808 934 nomen
843 873 1163 936 ueraciter
1193 874 1565 955 ponebatur
1606 881 1879 955 propter
1924 871 2036 935 illa
2080 876 2253 954 quae
2296 873 2382 935 ab
2427 873 2554 937 illis
2600 874 2971 937 creduntur.

501 986 531 1060 5·
565 968 856 1055 optimos
889 994 1046 1037 uero
1077 975 1493 1058 allegoristas
1536 975 1847 1038 uolebam
1890 974 2019 1038 hoc
2057 976 2124 1037 in
2162 974 2313 1038 loco
2347 974 2514 1038 illud
2548 978 2973 1058 interrogare,

566 1085 785 1141 utrum
836 1078 1064 1142 diuina
1126 1080 1451 1162 scriptura
1504 1078 1730 1142 retulit
1776 1078 1970 1142 nobis
2031 1077 2348 1160 quoniam
2397 1078 2690 1142 Ismahel
2750 1080 2972 1162 perse-

563 1180 889 1263 quebatur
943 1181 1148 1257 Isaa0‚
1191 1180 1317 1244 hoc
1360 1180 1739 1264 significans
1784 1181 2099 1263 quoniam
2149 1182 2423 1262 quidam
2471 1192 2658 1245 erant
2707 1181 2969 1245 illorum

565 1283 676 1364 qui
737 1304 826 1346 ex
885 1283 1381 1347 circumcisione
1424 1293 1595 1359 sunt,
1652 1283 1765 1365 qui
1829 1284 1893 1345 in
1957 1283 2333 1346 nouissimis
2386 1283 2800 1366 temporibus
2852 1283 2970 1347 ali-

565 1381 846 1469 q'uando'
898 1386 1060 1463 illos,
1101 1388 1213 1468 qui
1268 1409 1355 1450 ex
1406 1387 1666 1451 Galatis
1718 1387 1984 1451 Christo
2032 1387 2468 1460 crediderant,
2523 1388 2969 1451 transducturi

465 1502 540 1547 10
566 1501 752 1555 erant
784 1491 866 1554 ad
903 1486 1118 1573 legem
1144 1489 1168 1553 ?
1230 1486 1478 1572 et'quis
1508 1493 1753 1573 poterit
1778 1490 2108 1574 condigne
2139 1491 2502 1573 aliquando
2535 1492 2599 1554 id
2632 1492 2969 1556 deridere?

567 1587 790 1674 itaque
849 1594 902 1656 si
964 1593 1126 1656 nihil
1187 1593 1387 1665 aliud,
1443 1588 1684 1656 saltem
1717 1580 1858 1656 'hoc
1905 1615 2020 1657 eos
2076 1595 2447 1676 perspicere
2508 1595 2968 1670 conueniebat,

564 1699 875 1777 quoniam
920 1690 1260 1761 historiam
1309 1696 1658 1779 apostolus
1694 1697 1892 1778 ,quasi
1945 1717 2097 1760 uere
2151 1697 2477 1761 factorum
2535 1700 2969 1780 negotiorum,

565 1809 631 1861 et
664 1798 728 1860 in
762 1799 1172 1864 confessione
1203 1800 1641 1863 deductorum
1669 1798 2090 1875 existentem,
2115 1801 2178 1862 in
2203 1821 2323 1863 sua
2348 1800 2570 1882 posuit
2595 1803 2969 1865 narratione

565 1915 636 1967 ut
696 1898 1115 1968 confirmaret
1178 1904 1518 1986 illa‘quae
1578 1902 1877 1966 dixerat.'
1952 1905 2317 1967 secundum
2398 1906 2965 1983 comparationem

461 2018 529 2082 15
566 2005 723 2068 uero
765 2004 972 2069 uoluit
1025 2006 1374 2069 ostendere
1431 2006 1775 2068 historiam
1827 2005 1913 2065 ad
1965 2002 2145 2065 illam
2201 2002 2726 2069 similitudinem.
2792 2007 2968 2068 unde

563 2117 628 2169 et
661 2106 773 2169 illa
816 2124 986 2188 quae
1019 2106 1192 2171 facta
1229 2106 1487 2168 fuerant
1527 2105 1656 2167 illis
1702 2105 1789 2168 ab
1836 2104 2173 2167 extraneis
2212 2106 2461 2166 abusus
2503 2125 2647 2167 esse
2691 2107 2966 2169 uidetur.

559 2211 796 2291 quibus
829 2210 1377 2290 inconsequenter
1405 2207 1598 2269 simul
1634 2217 1700 2269 et
1735 2205 2087 2286 magnifice
2120 2208 2363 2269 adicit:

686 2338 802 2400 sed
850 2338 1016 2418 quid
1057 2335 1218 2398 dicit
1264 2334 1586 2415 scriptura
1613 2334 1646 2395 ?
1736 2340 1751 2364 ‘
1767 2333 1889 2394 cicc
1913 2332 2222 2395 ancillam
2260 2341 2323 2394 et
2341 2331 2575 2414 filium
2604 2332 2742 2395 eius
2760 2356 2793 2411 ,·
2839 2332 2971 2395 noll

556 2442 724 2503 enim
756 2440 934 2503 lecres
961 2439 1088 2501 erit
1096 2438 1295 2521 filins
1323 2436 1600 2499 ancillae
1625 2435 1926 2518 cumfilio
1958 2435 2220 2498 liberae!

449 2579 532 2626 20
690 2577 759 2632 ut
792 2567 970 2630 dicat
1000 2566 1315 2649 quoniam
1362 2562 1555 2627 ‘nihil
1604 2563 1876 2646 prodest
1926 2562 2050 2626 illis
2098 2562 2419 2638 laborare,
2459 2562 2650 2625 sicuti
2702 2582 2822 2625 nec
2869 2561 2960 2625 illi

556 2679 714 2732 tunc
775 2669 1034 2752 profuit.
1125 2666 1321 2744 †nec
1382 2668 1556 2729 enim
1614 2675 1716 2728 est
1780 2665 2000 2748 aliqua
2063 2666 2444 2728 communio
2505 2666 2962 2748 praesentibus

556 2773 641 2834 ad
682 2771 916 2844 futura,
959 2771 1075 2833 sed
1126 2790 1245 2834 nec
1287 2769 1530 2832 habere
1582 2779 1866 2850 possunt
1920 2769 2141 2831 locum
2193 2768 2492 2849 legitima
2548 2768 2615 2830 in
2665 2777 2960 2831 nostram

555 2875 1148 2951 conuersationem,
1194 2894 1395 2955 quam
1459 2872 1825 2935 secundum
1885 2871 2170 2934 formam
2233 2871 2585 2954 implemus
2645 2893 2961 2936 resurrec-

555 2981 769 3043 tionis,
874 2978 1033 3060 quid
1077 2998 1234 3059 ergo
1273 2976 1588 3040 festinant
1630 2974 1722 3038 illi
1773 2997 1888 3038 eos
1942 2977 2054 3057 qui
2106 2977 2171 3038 in
2218 2976 2482 3041 Christo
2536 2976 2963 3040 crediderunt

446 3095 521 3159 25
556 3085 754 3146 etiam
801 3081 886 3144 ad
926 3080 1089 3163 legis
1128 3079 1503 3143 custodiam
1548 3077 1881 3140 trahere?'
1971 3077 2217 3139 deinde
2260 3078 2448 3157 quasi
2494 3078 2608 3158 qui
2643 3098 2729 3140 ex
2773 3099 2961 3160 prae-

555 3183 941 3247 cedentibus
981 3182 1290 3263 colligere
1333 3188 1596 3262 poterat
1628 3179 1969 3260 negotium
2011 3179 2272 3241 dicens:
2303 3179 2339 3215 ³*

681 3373 821 3440 οὐδὲ
849 3373 974 3459 «γάρ
1007 3372 1186 3438 ἐστίν
1216 3398 1311 3441 τις
1341 3367 1639 3435 κοινωνία
1680 3371 1809 3434 τῶν
1851 3368 2190 3452 παρόντων
2235 3367 2345 3432 καὶ
2391 3370 2521 3433 τῶν
2566 3366 2960 3450 μελλόντων·

554 3476 682 3542 οὐδ’
714 3477 853 3564 ἔχει
883 3475 1101 3564 χώραν
1127 3475 1210 3540 τὰ
1240 3472 1474 3555 νόμιμα
1505 3471 1616 3537 ἐπὶ
1648 3474 1758 3552 τῆς
1789 3467 1936 3535 καθ’
1969 3469 2135 3551 ἡμᾶς
2167 3469 2428 3550 διαίτης,
2456 3467 2531 3549 ἣν
2560 3469 2731 3535 κατὰ
2760 3472 2964 3536 τύπον

553 3585 927 3665 πληροῦμεν
970 3582 1084 3660 τῆς
1137 3575 1574 3645 ἀναστάσεως.
1664 3575 1770 3640 καὶ
1801 3573 2033 3640 λοιπὸν
2065 3574 2147 3644 ὠς
2190 3576 2298 3640 ἐπὶ
2347 3577 2478 3640 τῶν
2526 3574 2963 3660 προκειμένων

553 3682 1139 3764 ἐπισυλλογίζεται.

654 3820 673 3858 1
715 3803 953 3868 Spiritum
981 3803 1218 3873 Spiritum
1244 3801 1331 3849 H*
1467 3816 1492 3849 2
1530 3807 1700 3848 nostra
1722 3814 1933 3862 persona
1962 3798 2006 3846 C
2026 3798 2090 3847 H
2225 3811 2252 3858 3
2288 3797 2506 3862 positura
2534 3798 2577 3846 C
2596 3799 2661 3846 H
2681 3796 2687 3861 Ι
2722 3798 2961 3861 Spiritum

550 3892 615 3941 H
635 3889 768 3952 [fhr.
804 3888 891 3951 leg.
929 3885 1169 3952 Spiritum
1206 3881 1694 3946 uomen...ponebat]
1915 3892 1941 3940 7
1988 3885 2126 3927 erant
2168 3879 2369 3942 quidem
2413 3880 2455 3928 C
2489 3879 2691 3942 quidem
2729 3887 2867 3929 erant
2906 3880 2975 3929 H

546 3987 578 4036 9
613 3969 883 4022 trwsdiicti
907 3977 1046 4017 erant
1075 3966 1144 4016 C*
1168 3965 1437 4020 transducti
1463 3971 1576 4012 sunt
1601 3963 1667 4010 H
1828 3976 1845 4009 1
1862 3976 1879 4008 ι
1919 3961 2084 4008 saltim
2113 3961 2154 4008 C
2168 3959 2189 3982 ⁸
2218 3960 2297 4020 [cs.
2326 3960 2547 4023 Wagner
2567 3962 2693 4008 ortle.
2736 3962 2876 4024 Vcrg.
2903 3973 2955 4011 v.

548 4067 659 4116 470,
688 4052 818 4102 cited
844 4051 909 4113 by
936 4049 1075 4097 Hild.
1107 4049 1201 4111 Ap.
1236 4047 1281 4097 ii.
1314 4045 1431 4107 633]
1570 4060 1625 4106 13
1662 4042 1952 4090 delictorum
1979 4042 2093 4103 (fhr
2115 4039 2336 4102 deduct.)
2362 4042 2427 4089 ll
2568 4055 2624 4103 ¹9
2659 4044 2789 4089 enim
2815 4059 2891 4090 om
2922 4045 2966 4092 C

549 4151 602 4184 21
645 4148 734 4182 nec
757 4132 888 4180 enim
915 4131 1033 4180 talia
1055 4128 1120 4178 ll
1262 4142 1317 4176 υ
1358 4126 1407 4174 in
1432 4124 1653 4189 legiiitna
1678 4123 1763 4171 H*
1791 4122 1840 4170 in
1866 4121 2141 4184 legitimum
2164 4122 2229 4169 ll
2248 4122 2394 4180 (corr)
2553 4117 2614 4168 26
2648 4120 2884 4170 collidere
2911 4122 2979 4170 H

613 4264 655 4309 5.
711 4244 1028 4310 allegoristas]
1075 4241 1151 4291 Cf.
1179 4258 1225 4305 p.
1256 4252 1329 4302 73,
1362 4241 1395 4288 1.
1424 4242 1500 4298 28,
1530 4247 1662 4288 note.
1802 4237 1860 4284 of
1878 4237 1960 4284 the
1985 4234 2142 4284 facts.'
2191 4236 2301 4284 The
2320 4234 2526 4297 reading
2543 4233 2599 4282 of
2619 4235 2681 4282 ll
2692 4235 2835 4283 looks
2859 4235 2961 4285 like

619 4346 689 4392 13.
751 4329 805 4375 in
830 4328 1114 4390 consessione
1132 4322 1462 4383 deductorum]
1497 4319 1568 4381 ἐφ’
1592 4320 1699 4377 ὁμο·
1803 4335 1865 4366 an
1889 4326 2099 4381 attempt
2124 4326 2175 4366 to
2200 4335 2375 4381 escape
2402 4319 2525 4365 froin
2552 4316 2636 4365 the
2659 4317 2915 4381 difficulty.

545 4411 692 4467 λογίᾳ
723 4409 817 4454 τῶν
851 4406 1146 4465 διηγημένων
1181 4420 1236 4452 or
1265 4404 1348 4452 the
1372 4402 1506 4459 like3
1544 4402 1700 4448 ‘writ-
1870 4415 1950 4448 αι.
2007 4416 2089 4447 nec
2110 4400 2241 4448 cuim
2266 4407 2333 4448 cst
2352 4400 2418 4447 al.
2459 4398 2655 4458 comm]
2723 4397 2800 4447 Cs.
2834 4414 2880 4462 p.
2907 4417 2954 4459 4,

543 4503 626 4539 {cn
663 4490 780 4537 with
816 4505 842 4536 a
879 4490 1002 4540 view
1038 4499 1088 4539 to
1118 4488 1200 4537 the
1236 4484 1699 4546 acknowledgnicnt
1805 4483 1834 4530 l.
1874 4498 1944 4543 14,
1980 4489 2111 4529 note.
