3293 5233
284 373 328 437 1.
366 372 440 455 1.]
1094 381 1178 434 m
1226 380 1330 434 ΕΡ.
1376 381 1480 433 AD
1523 376 1877 433 GALATAs.
2647 382 2682 445 3

279 547 698 632 respondens,
731 555 801 613 et
840 545 1287 631 comprobans
1330 544 1515 629 quod
1559 543 1739 609 enim
1786 541 1902 608 illa
1946 559 2123 626 quae
2167 540 2257 607 de
2298 559 2375 608 se
2418 540 2683 608 fuerant

277 652 448 716 dicta
493 670 671 715 uana
717 658 955 716 essent.
1044 669 1197 716 cum
1245 648 1476 714 debita
1523 667 1683 712 uero
1731 646 2063 712 modestia
2101 645 2420 710 instruxit
2457 664 2574 710 eos
2602 665 2682 710 ac

278 754 497 819 docuit
536 755 854 838 quoniam
901 762 1058 838 post
1107 752 1353 818 Christi
1401 753 1771 817 aduentum
1820 750 2096 815 minime
2128 748 2485 814 conueniat
2513 747 2682 832 legis

280 857 584 922 inseruire
632 858 991 922 custodiae.
1079 855 1350 920 docebit
1396 863 1622 920 autem
1666 874 1789 919 nos
1831 853 2213 919 cautissime
2266 853 2356 918 de
2404 850 2681 936 singulis

280 961 375 1025 his
404 961 522 1024 illa
566 960 1029 1044 interpretatio
1075 980 1249 1045 quae
1300 959 1455 1024 Deo
1492 966 1764 1024 auctore
1793 977 1917 1022 suo
1946 956 2180 1022 ordine
2209 954 2683 1041 explanabitur
2753 965 2785 1032 5

280 1065 342 1130 in
368 1064 947 1148 subsequentibus,

1453 1340 1626 1419 1..

404 1536 665 1602 Paulus
712 1534 1047 1619 apostolus,
1092 1555 1221 1601 non
1262 1533 1346 1601 ab
1388 1533 1760 1601 hominibus
1808 1556 2006 1620 neque
2028 1544 2156 1620 per
2192 1534 2532 1615 hominem,
2575 1537 2693 1605 sed

267 1652 388 1724 per
433 1642 653 1708 Iesum
709 1640 1066 1722 Christum,
1114 1652 1179 1708 et
1221 1641 1440 1707 Deum
1492 1642 1786 1725 Patrem,
1845 1640 1967 1725 qui
2018 1641 2366 1708 suscitauit
2409 1662 2555 1708 eum
2610 1663 2690 1709 ex

281 1743 573 1808 mortuis.

412 1879 730 1945 Diximus
782 1880 918 1945 Iam
966 1887 1037 1945 et
1093 1879 1161 1944 in
1215 1878 1665 1964 superioribus
1724 1886 2193 1962 argumentum
2252 1878 2686 1963 explicantes,
2724 1901 2803 1950 10

282 1983 597 2067 quoniam
656 1983 1016 2049 aduersarii
1075 1983 1163 2048 ad
1224 1984 1744 2047 destructionem
1817 1982 2004 2046 Pauli
2069 1981 2423 2065 plurimam
2499 1983 2691 2047 abusi

285 2086 559 2152 fuissent
606 2087 1127 2171 derogationem,
1170 2085 1539 2150 dummodo
1591 2085 1734 2151 eius
1784 2094 2185 2150 euacuarent
2234 2085 2533 2169 gloriam,
2567 2085 2693 2150 sic-

284 2212 413 2275 que
442 2191 814 2256 doctrinam
861 2192 1005 2256 eius
1048 2192 1397 2275 repudiare
1437 2190 1748 2255 facerent.
1836 2192 2280 2255 necessarium
2324 2190 2502 2255 enim
2533 2199 2693 2268 erat,

284 2296 422 2359 eius
467 2295 780 2378 opinione
824 2296 1198 2374 imminuta,
1239 2293 1438 2358 simul
1484 2295 1691 2358 etiam
1737 2300 1806 2357 et
1849 2292 2193 2357 doctrinae
2235 2294 2376 2358 eius
2420 2293 2692 2359 titulum

283 2397 548 2463 aboleri.
635 2408 909 2482 propter
934 2398 1064 2462 hoc
1096 2398 1337 2481 etipse
1384 2398 1644 2481 cogitur
1690 2396 1777 2463 de
1826 2397 1955 2462 illis
2002 2418 2175 2482 quae
2222 2416 2381 2480 erga
2424 2417 2500 2461 se
2537 2405 2695 2463 sunt
2730 2409 2799 2477 15

285 2499 678 2575 satisfacere,
741 2520 1027 2583 arguens
1085 2498 1502 2565 aduersarios
1569 2499 1883 2565 uniuersa
1941 2499 2144 2564 fuisse
2203 2499 2536 2563 mentitos.
2624 2499 2695 2563 in

284 2601 527 2685 quibus
579 2610 649 2667 et
700 2602 1143 2667 demiratione
1196 2601 1403 2686 digna
1454 2608 1558 2666 est
1615 2601 1986 2686 apostolica
2043 2602 2418 2686 prudentia,
2464 2621 2697 2686 quem-

282 2706 653 2771 admodum
697 2728 820 2771 sua
863 2707 1137 2771 firmans
1182 2707 1368 2771 nullo
1415 2707 1482 2770 in
1527 2706 1678 2771 loco
1722 2708 1945 2789 grauis
1991 2706 2324 2789 aliquibus
2369 2706 2550 2769 uisus
2593 2715 2698 2772 est

283 2811 629 2887 extitisse3
675 2812 792 2875 sed
839 2811 1029 2894 quasi
1084 2811 1198 2893 qui
1247 2831 1370 2894 pro
1420 2830 1494 2874 se
1545 2810 1927 2874 satisfacere
1973 2811 2061 2874 sit
2104 2817 2395 2888 coactus»,
2433 2809 2528 2872 ita
2569 2809 2698 2871 sub

281 2914 505 2999 specie
535 2913 875 2979 referentis
907 2915 1213 2978 uniuersa
1248 2913 1638 2997 simpliciter
1677 2920 1747 2977 et
1786 2913 2092 2977 absolute
2136 2912 2328 2977 dixit.
2415 2911 2596 2995 quod
2629 2919 2696 2977 et
2712 2929 2797 2981 20

284 3019 590 3101 protinus
648 3018 738 3082 ab
797 3018 944 3101 ipsa
1002 3017 1416 3100 praefatione
1474 3018 1845 3081 custodisse
1905 3018 2294 3100 repperitur.
2384 3015 2699 3081 dicebant

283 3120 465 3185 enim
497 3120 853 3184 aduersarii
885 3119 1283 3204 discipulum
1334 3140 1486 3184 eum
1539 3119 1741 3184 fuisse
1781 3119 1962 3185 beati
2008 3119 2185 3185 Petri
2216 3128 2284 3185 et
2313 3128 2700 3198 ceterorum,

283 3231 362 3288 ut
414 3222 860 3306 praecellente
920 3223 1186 3287 illorum
1235 3223 1538 3287 doctrina
1582 3245 1704 3307 per
1746 3223 1975 3287 omnia
2023 3223 2111 3287 ab
2163 3222 2352 3286 istius
2396 3220 2700 3285 doctrina

283 3325 741 3401 abscedente5‚
794 3325 961 3408 legis
1021 3324 1492 3390 confirmarent
1549 3325 2045 3390 obseruantiam
2104 3332 2343 3406 utpote
2401 3341 2701 3393 necessa-

283 3429 497 3508 riam;
571 3449 776 3512 quam
838 3430 1043 3493 etiam
1103 3437 1172 3492 et
1230 3429 1431 3492 ceteri
1491 3428 1782 3510 apostoli
1837 3437 1913 3492 ut
1965 3428 2032 3491 in
2095 3425 2350 3490 Iudaea
2401 3445 2698 3490 commo·
2727 3439 2805 3506 25

281 3541 513 3597 rantes
542 3533 632 3596 ob
662 3531 943 3596 aliorum
976 3531 1334 3596 utilitatem
1365 3551 1633 3595 seruare
1666 3531 2038 3595 necessario
2067 3531 2496 3613 cogebantur.

391 3704 412 3739 x
449 3689 704 3740 enimuero
728 3688 840 3752 (sor
853 3688 1008 3750 enim)
1038 3689 1084 3738 C
1102 3687 1249 3753 (corr)
1509 3704 1569 3740 ro
1600 3689 1752 3739 etiam
1777 3689 1887 3753 (sor
1906 3689 2118 3761 iamyH
2321 3704 2381 3756 ¹9
2413 3690 2500 3755 qui
2520 3705 2600 3740 om
2625 3688 2700 3740 C*

281 3784 350 3823 π
388 3772 446 3821 Ρ.
469 3778 520 3820 et
539 3779 595 3820 ut
616 3778 708 3821 cet.
744 3769 814 3819 C·
1115 3785 1143 3819 2
1152 3785 1180 3834 3
1213 3770 1613 3835 praecellentem,
1652 3772 1931 3824 doctrinam
1969 3766 2129 3839 C'Hl
2156 3788 2329 3825 eorum
2368 3775 2482 3840 (sor
2514 3776 2609 3839 ill.)
2643 3777 2707 3829 H

280 3869 351 3916 ²4
385 3843 696 3903 discedentes
717 3852 784 3901 H
918 3849 981 3901 26
1001 3852 1250 3916 cogebant
1285 3852 1355 3902 H

351 4007 433 4057 ⁴²3·
500 3993 813 4057 praecellente
844 3992 916 4043 ill.
955 3991 1130 4057 doctr-J
1192 3994 1227 4020 “
1243 3993 1328 4043 On
1360 3995 1446 4045 the
1543 3995 1630 4046 the
1654 3995 1810 4047 MSS.

277 4076 404 4142 plea
424 4076 535 4126 that
557 4076 641 4125 the
665 4076 898 4140 teaching
920 4075 980 4125 of
1005 4076 1090 4126 the
1113 4076 1250 4126 elder
1280 4078 1443 4142 Apos-
1610 4088 1693 4137 25.
1760 4078 1819 4127 in
1853 4077 2039 4128 Iudaea
2072 4078 2445 4141 commorantes]
2511 4079 2691 4145 Comp.

275 4158 380 4209 tles
403 4173 507 4206 was
528 4157 587 4205 of
601 4158 824 4221 superior
836 4157 1051 4208 worth.”
1115 4158 1251 4207 Pitra
1267 4159 1447 4208 wishes
1544 4159 1692 4209 TlL’s
1713 4159 1937 4210 remarks
1972 4161 2022 4210 in
2049 4162 2126 4210 his
2150 4162 2390 4225 prologue
2411 4169 2464 4212 to
2489 4162 2543 4212 S.
2565 4162 2700 4225 John

274 4248 336 4291 to
368 4249 557 4290 restore
582 4240 667 4289 the
690 4257 899 4304 passage
921 4242 988 4304 by
1009 4256 1041 4290 a
1062 4242 1445 4305 transposition:
1549 4243 1760 4306 (Migne,
1799 4242 1930 4305 728),
1958 4243 2043 4291 ἐπὶ
2068 4242 2244 4303 πολλῷ
2266 4245 2354 4302 μὲν
2381 4246 2480 4293 τοῖς
2496 4243 2702 4306 Ἱεροσο·

277 4326 315 4350 “
330 4331 383 4371 et
403 4329 517 4379 cet„
533 4322 915 4386 praecellentem
933 4322 1131 4370 illorum
1148 4323 1441 4382 doctrinam,
1547 4325 1712 4382 λὺμοις
1752 4325 2050 4386 ἐνδιέτριψαν
2089 4326 2134 4373 01
2169 4325 2383 4384 μαθηταὶ
2420 4326 2493 4386 τῷ·
2527 4323 2704 4388 χρόνῳ,

273 4412 340 4454 ut
367 4420 462 4469 per
482 4404 652 4453 omnia
667 4401 697 4425 ’⁹
719 4403 807 4453 &a
856 4405 968 4454 The
989 4405 1263 4453 correction
1287 4406 1340 4453 in
1363 4405 1448 4453 the
1549 4407 1693 4453 κ.τ.λ.
1762 4406 1860 4454 See
1882 4404 1989 4453 also
2012 4404 2095 4455 the
2118 4420 2221 4470 arg.
2251 4413 2303 4456 to
2327 4406 2412 4456 the
2432 4421 2512 4470 ep.
2541 4415 2595 4456 to
2619 4407 2705 4455 the

275 4495 397 4539 text
411 4486 637 4538 involves
657 4502 688 4537 a
709 4486 808 4538 less
829 4487 1016 4538 serious
1039 4488 1304 4552 departure
1320 4486 1448 4537 from
1550 4485 1829 4551 Ephesians
1852 4484 2053 4547 (infra).

2370 4588 2527 4632 1—-2
