3293 5233
522 381 603 461 58
1184 390 1640 446 THEODORUS
1687 390 2270 446 MOPSUESTENUS

2508 377 2666 461 [III.
2699 393 2800 461 27,
2833 380 2934 443 28.

647 562 805 646 quia
855 565 1014 647 ergo
1061 563 1428 627 secundum
1471 565 1757 627 formam
1797 584 1917 646 per
1950 563 2291 646 baptisma
2334 563 2560 627 inillis
2592 565 2931 640 efficimur,

518 663 648 728 hoc
694 665 897 731 dicit*
943 668 1262 749 quoniam
1305 667 1380 731 in
1427 666 1686 734 Christo
1731 667 2058 750 baptizati,
2092 668 2314 731 induti
2346 668 2499 732 estis
2548 668 2883 735 Christum
2909 691 2933 731 .·

515 764 644 829 hoc
675 776 794 846 est,
827 769 1217 852 ‘participes
1264 770 1425 834 estis
1467 769 1685 833 effecti
1727 769 2105 833 inmortalis
2135 771 2276 832 eius
2311 779 2631 849 naturae3
2678 780 2752 835 ut
2802 762 2932 834 hoc

520 869 880 933 uideamini
930 873 1300 937 existentes
1347 874 1531 957 quod
1577 873 1689 936 ille
1742 881 1843 937 est
1888 881 2044 955 post
2094 874 2661 950 resurrectionem,
2712 874 2806 938 ita
2856 882 2930 938 ut

452 984 482 1051 5
523 971 823 1036 Christus
875 974 943 1036 in
996 975 1306 1039 omnibus
1360 976 1550 1040 uobis
1605 976 1927 1053 uideatur,
1984 976 2168 1039 nulla
2229 976 2296 1039 in
2360 977 2551 1040 uobis
2602 978 2744 1039 uisa
2797 977 2929 1039 dis-

515 1076 845 1142 cretione.’

937 1079 993 1142 si
1035 1080 1240 1161 igitur
1279 1089 1346 1144 et
1388 1100 1556 1142 unus
1595 1099 1830 1146 omnes
1867 1078 2174 1143 homines
2220 1100 2467 1157 sumuS,
2501 1088 2706 1162 caput
2735 1081 2928 1143 nobis

512 1179 965 1243 adscribentes
1021 1181 1378 1258 Christum,
1419 1191 1486 1246 et
1535 1182 1601 1244 in
1657 1202 1790 1245 uno
1839 1184 2135 1264 quodam
2191 1182 2290 1265 (ut
2340 1181 2439 1247 sas
2476 1183 2604 1266 est)
2651 1203 2927 1265 corpore

512 1286 960 1348 consummati
1019 1285 1344 1349 habemur
1355 1307 1375 1365 ;
1449 1277 1644 1351 sicuti
1705 1294 1772 1350 et
1831 1284 1990 1349 alibi
2051 1286 2242 1350 dicit:
2322 1307 2435 1349 uos
2492 1287 2646 1350 estis
2704 1298 2927 1369 corpus

518 1382 771 1449 Clcrzlstz'
808 1395 872 1448 et
909 1386 1194 1452 membra
1224 1388 1304 1450 de
1331 1387 1627 1451 membro·

1721 1396 1789 1451 et
1825 1387 1982 1450 alibi
2016 1388 2389 1452 euidentius
2419 1388 2922 1452 similitudinem

405 1505 485 1554 10
511 1511 715 1572 quam
747 1490 1142 1556 habebimus
1188 1491 1276 1555 ad
1316 1512 1468 1555 eum
1515 1490 1917 1575 significan5‚
1949 1491 2151 1554 dicit:
2199 1491 2507 1573 quoniam
2547 1513 2704 1575 quos
2729 1504 2924 1573 prae-

506 1591 719 1672 sciuit‚
737 1594 1245 1675 praeordinauit
1270 1595 1624 1676 conformes
1645 1592 1817 1677 fieri
1843 1593 2162 1675 imaginis·
2188 1593 2360 1657 Filii
2385 1594 2508 1657 sui.
2586 1595 2834 1657 etenim
2867 1595 2922 1656 si

507 1692 795 1759 multum
838 1697 1147 1760 omnibus
1191 1697 1381 1760 nobis
1423 1696 1784 1779 praecellit,
1819 1705 1887 1760 et
1931 1696 2150 1760 differt
2195 1696 2449 1760 honore
2494 1705 2562 1760 et
2593 1696 2922 1778 dignitate

510 1796 615 1878 (eo
678 1798 859 1880 quod
921 1799 1008 1862 ab
1069 1801 1380 1864 omnibus
1452 1796 1899 1879 adorabitur);
1974 1799 2090 1861 sed
2152 1799 2519 1862 secundum
2592 1799 2918 1861 rationem

505 1902 998 1964 resurrectionis
1045 1910 1112 1963 et
1153 1901 1670 1978 inmortalitatiS,
1703 1921 1822 1982 per
1861 1901 2146 1983 gratiam
2189 1910 2258 1965 et
2301 1920 2421 1963 nos
2457 1900 2544 1963 ad
2593 1920 2746 1963 eum
2778 1920 2919 1963 sus-

400 2021 469 2088 15
504 2004 784 2085 cipimus
816 2004 1340 2067 similitudinem.

628 2280 848 2361 ἐπειδὴ
908 2280 1122 2346 τοίνυν
1180 2278 1346 2344 κατὰ
1402 2277 1604 2345 τύπον
1663 2276 1771 2343 διὰ
1827 2281 1942 2344 τοῦ
1998 2277 2465 2362 βαπτίσματος
2524 2280 2592 2345 ἐν
2650 2279 2913 2350 ἐκείνοις

494 2382 818 2467 «γινόμεθα,
850 2386 1040 2448 τοῦτο
1068 2380 1262 2464 λέγει.

593 2567 619 2599 2
657 2550 774 2599 estis
798 2549 955 2598 induti
980 2550 1045 2598 Il

493 2634 765 2683 cretionem
794 2632 871 2681 C*
971 2633 1212 2681 discretus
1234 2633 1301 2681 H

558 2796 607 2829 α.
653 2779 822 2827 induti
850 2780 961 2828 estis·
1001 2779 1146 2840 can]
1212 2778 1356 2827 With
1386 2778 1471 2827 the
1504 2779 1653 2827 inter-

492 2863 739 2926 pretation
771 2863 890 2911 here
922 2862 1087 2926 given,
1123 2862 1186 2910 cf.
1222 2861 1365 2910 Th.’s
1399 2869 1651 2909 comment

491 2961 559 2993 on
579 2945 725 2994 Rom.
756 2944 861 2992 xiii.
888 2958 970 3006 14:
1007 2943 1064 2990 τὸ
1089 2943 1411 2991 ἐνδύσασθε
1431 2938 1536 2990 ἀντὶ
1561 2941 1650 2989 τοῦ

490 3027 845 3074 ἐνεδύσασθε
890 3028 1042 3086 λέγει’
1091 3027 1322 3086 βούλεται
1365 3024 1462 3084 ’γὰρ
1503 3024 1652 3070 εἰπεῖν

490 3108 566 3156 ὅτι
600 3110 679 3156 διὰ.
709 3107 795 3167 τῆς
828 3106 1186 3170 οἴνα-γεννήσεως
1208 3109 1291 3155 τοῦ
1312 3107 1652 3169 βαπτίσματος

491 3191 814 3249 συναφθέντες
846 3190 919 3250 τῷ
946 3189 1146 3250 Χριστῷ
1174 3190 1253 3237 καὶ
1283 3189 1426 3247 μέλος
1446 3190 1532 3236 τοῦ
1556 3204 1649 3235 κοι-

488 3274 570 3321 νοῦ
605 3274 825 3330 σώματος
859 3272 944 3330 τῆς
979 3269 1234 3330 ἐκκλησίας
1273 3269 1650 3330 αἶποφανθέντες,

487 3353 634 3416 οὗπερ
670 3352 843 3403 ἐκεῖνός
878 3351 1010 3402 ἐστιν
1050 3350 1256 3413 κεφαλή,
1300 3352 1460 3414 ὥσπερ
1495 3349 1645 3401 ἐνεδύ-

487 3437 645 3484 σασθε
674 3436 817 3483 αὐτὸν
851 3433 916 3493 τῇ
946 3435 1156 3492 κοινωνίᾳ
1186 3434 1283 3480 τῶν
1314 3432 1648 3493 προσδοκωμέ-

487 3533 593 3575 νων,
658 3517 777 3563 καθὸ
836 3516 916 3562 καὶ
968 3514 1332 3575 συμμετασχεῖν
1376 3514 1506 3574 αὐτῷ
1562 3512 1649 3573 τῆς

487 3592 798 3644 ἀναστάσεως
819 3581 1060 3658 ἐλπίζετε.

552 3693 600 3741 9.
649 3677 864 3725 membra
896 3677 955 3724 de
985 3675 1214 3736 membro]
1280 3675 1407 3734 μέλη
1451 3674 1506 3724 ἐκ
1549 3676 1643 3734 μέ-

485 3758 620 3806 λους
644 3760 689 3817 (1
720 3757 834 3806 Cor.
858 3757 943 3805 xii.
972 3758 1071 3818 ²7)·
1140 3756 1282 3804 Th.'s
1305 3764 1553 3805 comment
1578 3772 1644 3805 on

486 3839 571 3887 the
596 3853 801 3903 passage
824 3836 895 3886 is:
931 3834 1065 3896 τάξιν
1099 3835 1304 3897 ἐπέχετε
1337 3838 1557 3894 σώματος
1590 3833 1646 3884 ἐκ

485 3918 727 3981 διαφόρων
772 3919 1088 3980 συγκειμένου
1124 3920 1297 3977 μελῶν,
1339 3917 1406 3980 τῇ
1450 3918 1643 3980 δυνάμει

484 4008 570 4054 τοῦ
601 4006 872 4063 πνεύματος
898 4005 961 4053 εἰς
992 4001 1083 4062 τήν
1114 4005 1201 4051 τοῦ
1234 4006 1516 4052 δεσποτικοῦ
1549 4004 1641 4052 σώ-

481 4107 632 4147 ματος
662 4085 988 4138 καταστοίντες
1011 4085 1280 4147 συνάφειαν.
1348 4086 1472 4135 This
1496 4087 1640 4137 looks

482 4188 537 4220 as
571 4171 614 4219 is
641 4172 737 4220 Th.
775 4169 876 4219 had
912 4172 1026 4219 read
1061 4168 1117 4218 ἑκ
1142 4170 1326 4230 μέρους,
1351 4169 1514 4217 which
1538 4186 1640 4218 was

482 4253 719 4317 certainly
743 4254 827 4302 the
851 4255 1057 4316 reading
1079 4253 1136 4301 os
1158 4252 1334 4316 Chrys.
1360 4252 1458 4300 and
1483 4253 1636 4301 Thdt.

485 4339 574 4398 (ad
587 4339 635 4385 h.
653 4337 728 4399 Α).
767 4339 876 4386 The
895 4339 1154 4387 translator
1175 4337 1366 4386 follows
1386 4338 1469 4386 the
1485 4338 1636 4400 Vulg.

480 4420 581 4467 and
608 4420 752 4467 Latin
778 4420 1080 4468 authorities.

553 4515 626 4549 ιο.
662 4501 898 4563 quoniam
922 4517 1038 4563 quos
1054 4502 1334 4562 praesc-init,
1354 4500 1465 4561 &c.]
1488 4502 1634 4549 Rom.

1266 2563 1294 2611 3
1330 2547 1609 2612 participati
1634 2547 1702 2595 H
1719 2546 1726 2610 Ι
1758 2546 2008 2598 inmortali
2030 2550 2096 2597 H

1487 2635 1516 2681 8
1551 2631 1794 2681 habemus
1816 2632 1883 2680 H

2335 2561 2361 2611 5
2395 2548 2497 2597 uid.
2526 2549 2671 2599 uobis
2692 2550 2755 2598 H
2781 2548 2789 2613 Ι
2817 2549 2914 2598 dis-

2077 2647 2133 2695 ¹3
2168 2648 2221 2682 se
2248 2632 2363 2696 (for
2384 2633 2493 2693 scd)
2518 2634 2584 2682 II

1754 2778 1861 2827 viii.
1889 2793 1967 2843 29.

1827 2875 1900 2908 12.
1950 2860 2163 2908 mullum
2247 2859 2527 2923 praecellit]
2593 2861 2689 2910 See
2713 2860 2911 2925 Bensly‚

1755 2940 1979 3003 filim-ing
2001 2942 2284 3004 Fragwtcnt,
2326 2957 2409 3004 pp.
2446 2941 2504 2991 62
2531 2958 2602 3002 n.,
2633 2945 2713 3001 87.
2803 2945 2913 2992 The

1754 3039 1872 3086 very
1917 3026 2176 3073 measured
2218 3024 2464 3088 language
2508 3024 2561 3073 in
2605 3025 2769 3073 which
2814 3025 2910 3073 Th.

1754 3104 1872 3154 here
1895 3114 2072 3155 asserts
2104 3107 2190 3155 the
2223 3106 2519 3169 superiority
2550 3106 2609 3155 os
2637 3107 2744 3155 Our
2778 3108 2913 3156 Lord

1754 3189 1795 3237 is
1817 3195 1870 3237 to
1892 3190 1956 3238 be
1979 3190 2284 3238 understood
2308 3205 2362 3237 as
2384 3188 2571 3251 having
2593 3189 2837 3238 reference
2861 3197 2914 3238 to

1753 3271 1837 3320 the
1879 3273 2087 3320 Human
2126 3273 2350 3330 Nature;
2397 3271 2458 3321 cf.
2504 3271 2583 3320 his
2622 3287 2803 3320 comm.
2844 3287 2910 3321 on

1754 3353 1865 3402 Col.
1892 3353 1925 3401 i.
1959 3369 2029 3416 15·

1822 3451 1894 3498 13.
1959 3436 2021 3483 ab
2064 3434 2288 3484 omnibus
2330 3434 2638 3496 adorabitur]
2694 3435 2728 3484 i.
2739 3451 2777 3483 e.
2825 3435 2909 3484 the

1750 3515 1891 3565 homo
1911 3525 2150 3580 susceplus
2182 3517 2286 3565 will
2318 3517 2509 3567 receive
2543 3517 2787 3566 universal
2820 3517 2910 3566 ho·

1751 3615 1914 3663 mage.
1978 3600 2057 3648 Cf.
2089 3600 2172 3648 the
2196 3599 2524 3648 Theodorean
2556 3600 2765 3648 ecthesis
2793 3615 2908 3648 con-

1751 3681 1965 3730 demned
2038 3686 2089 3728 at
2153 3680 2383 3743 Ephesus
2444 3680 2654 3744 (Migne,
2728 3680 2907 3743 1017):

1749 3758 1842 3819 τὴν
1862 3762 1995 3822 παρὰ
2026 3759 2180 3819 πάσης
2206 3761 2292 3819 τῆς
2322 3760 2518 3809 κτίσεως
2542 3762 2736 3821 δέχεται
2759 3778 2907 3822 προσ-

1750 3844 1955 3900 κύνησιν,
1985 3839 2045 3890 ὡς
2070 3838 2340 3901 ἀχώριστον
2363 3842 2478 3900 πρὸς
2500 3837 2588 3898 τὴν
2612 3840 2741 3889 θείαν
2765 3844 2910 3901 φύσιν

1750 3926 1877 3985 ἔχων
1920 3920 2011 3983 τὴν
2062 3923 2336 3984 συνάφειαν,
2390 3920 2612 3985 ἀναφορᾷ
2666 3926 2774 3973 θεοῦ
2829 3927 2908 3975 καὶ

1750 4003 1902 4067 ἐννοίᾳ
1934 4004 2095 4065 πάσης
2128 4005 2259 4053 αὐτῶ
2288 4006 2372 4064 τῆς
2405 4007 2599 4056 κτίσεως
2632 4004 2725 4066 τὴν
2759 4024 2905 4069 προσ-

1750 4091 1942 4148 κύνησιν
1974 4088 2332 4148 circumdans:
2366 4090 2466 4137 and
2495 4105 2575 4137 see
2607 4089 2691 4138 the
2726 4105 2903 4139 comm.

1750 4187 1816 4220 on
1854 4171 1982 4219 Phil.
2017 4170 2067 4219 ii.
2110 4184 2187 4228 10,
2226 4184 2312 4219 11:
2354 4172 2499 4220 “hoc
2533 4171 2664 4220 enim
2706 4172 2776 4220 illi
2816 4172 2905 4220 do-

1750 4251 1887 4299 nauit
1912 4258 1964 4299 ut
1987 4266 2159 4300 omnes
2177 4249 2315 4299 illum
2336 4252 2558 4311 adorent,
2583 4259 2631 4300 et
2654 4258 2707 4299 ut
2733 4267 2904 4299 omnes

1751 4334 1917 4382 Deum
1952 4333 2276 4383 confiteantur
2310 4334 2476 4382 Iesum
2513 4334 2630 4383 Chr.
2661 4335 2712 4381 in
2744 4335 2903 4397 gloria

1750 4417 1846 4465 Dei
1874 4417 2035 4466 Patris
2058 4416 2556 4480 effectum...propter
2580 4417 2715 4465 illam
2752 4432 2903 4481 copu-

1748 4500 1983 4550 lationem
2016 4516 2164 4564 quam
2189 4500 2337 4550 habet
2371 4501 2433 4549 ad
2461 4499 2838 4562 Unigenitum.''
