3293 5233
520 362 648 425 206
1191 374 1645 430 TnEonoaus
1695 372 2277 428 MOPSUESTENUS
2547 361 2625 444 [Ι.
2666 378 2945 443 12—14

518 545 591 609 in
627 545 859 626 prima
906 567 1045 610 mea
1089 546 1450 628 defensione
1496 566 1677 609 nemo
1735 545 1905 608 milei
1957 544 2199 626 adsuit,
2244 543 2362 607 sed
2412 565 2628 608 omnes
2685 566 2786 609 me
2839 566 2944 609 re-

516 644 845 725 liquerunt
866 670 895 720 ,·
955 667 1082 709 non
1133 647 1269 709 illis
1328 647 1693 728 imputetur.
1799 645 2129 709 Dominus
2177 655 2397 709 autem
2451 644 2717 710 adstitit
2763 646 2947 712 mihi

514 759 578 813 et
624 750 1019 831 consortauit
1067 772 1179 828 me,
1230 761 1305 814 ut
1337 761 1463 833 per
1511 772 1611 814 me
1653 749 2056 832 praedicatio
2116 748 2474 831 impleatur,
2534 760 2599 813 et
2652 749 2947 813 audiant

514 868 728 911 omnes
758 860 1017 931 gentes;
1061 861 1125 915 et
1159 852 1469 916 liberatus
1503 873 1650 915 sum
1685 872 1764 914 ex
1798 871 1903 914 ore
1945 850 2142 914 leonis
2173 849 2539 933 (Neronem
2573 849 2934 933 indicans).

456 945 727 1029 5†tunc
779 953 1050 1034 quidem
1091 953 1572 1018 existimabant
1619 973 1853 1016 omnes
1907 952 2181 1016 beatum
2233 952 2514 1017 Paulum
2561 954 2842 1018 interfici
2889 977 2938 1020 a

518 1048 801 1128 Nerone,
858 1074 937 1116 eo
997 1055 1175 1137 quod
1222 1055 1735 1145 ‘crudelissimus
1788 1064 1971 1132 erat;
2036 1062 2103 1118 et
2164 1056 2477 1130 maxime,
2538 1056 2694 1138 quia
2752 1075 2938 1121 noua

515 1158 846 1237 quaedam
878 1158 1004 1221 illis
1035 1159 1102 1221 in
1144 1160 1555 1242 temporibus
1596 1159 1835 1221 docere
1878 1157 2246 1230 uidebatur,
2280 1157 2565 1220 multum
2608 1165 2936 1222 extranea

515 1255 777 1322 illorum
838 1281 1010 1343 quae
1084 1261 1263 1344 apud
1326 1262 1673 1324 Romanos
1734 1270 1892 1324 tunc
1967 1261 2097 1322 ritu
2171 1260 2448 1322 deorum
2523 1259 2930 1323 colebantur.

516 1369 777 1440 praeter
826 1383 1093 1427 omnem
1148 1386 1305 1428 uero
1357 1385 1546 1446 spem
1597 1363 2013 1426 introductus
2074 1371 2177 1425 est
2234 1362 2598 1427 defendens
2656 1386 2926 1428 causam

415 1481 493 1528 10
515 1481 747 1552 suam3
812 1484 946 1527 non
1000 1466 1219 1529 solum
1273 1467 1431 1549 quia
1482 1464 1645 1528 nihil
1694 1485 1929 1547 passus
1974 1473 2092 1540 est,
2142 1485 2371 1527 uerum
2419 1466 2621 1527 etiarn
2670 1473 2738 1529 et
2782 1465 2925 1548 ple-

516 1589 672 1631 nam
720 1571 1141 1633 securitatem
1184 1578 1284 1633 est
1331 1571 1698 1644 adsecutuS,
1733 1570 1827 1631 ita
1873 1576 1945 1630 ut
1991 1577 2058 1631 et
2105 1589 2145 1630 a
2178 1568 2399 1631 Roma
2445 1578 2680 1650 postea
2720 1568 2929 1635 disce·

517 1670 720 1746 deret,
774 1680 843 1734 et
895 1682 1212 1735 consueto
1261 1693 1443 1735 more
1485 1671 1831 1735 doctrinae
1874 1671 2268 1733 immineret.
2360 1690 2592 1733 omnes
2640 1691 2797 1734 uero
2839 1672 2925 1734 ad

516 1772 1021 1837 demirationem
1063 1774 1448 1858 impellebat
1487 1773 1650 1836 illud
1683 1774 1862 1856 quod
1907 1772 2119 1836 fuerat
2163 1772 2433 1848 factum,
2466 1783 2535 1837 et
2571 1775 2926 1856 plurimam

417 1929 421 1933 ,
516 1871 828 1938 fiduciam
859 1873 1164 1938 fidelibus
1196 1876 1547 1952 tribuebat,
1581 1877 1674 1938 ita
1717 1884 1788 1937 ut
1829 1884 2120 1957 excepto
2151 1876 2332 1937 omni
2364 1885 2610 1939 terrore
2652 1884 2928 1958 pacatus

414 1990 485 2057 15
516 1973 837 2057 dogmata
868 1976 1193 2042 doceret!
1255 1998 1409 2040 nam
1437 1978 1616 2060 quod
1642 1976 1819 2040 dixit
1850 1975 1921 2037 in
1953 1985 2076 2038 toto
2092 1975 2438 2054 praetoria,
2464 1984 2539 2038 ut
2568 1975 2787 2039 dicat:
2822 1977 2924 2039 ‘in

516 2079 730 2159 regiis,
755 2089 823 2144 et
852 2079 981 2143 illis
1011 2101 1184 2162 quae
1215 2082 1384 2145 circa
1417 2101 1569 2144 eum
1602 2089 1757 2142 sunt
1784 2079 1825 2156 ;'
1873 2077 2328 2160 ‘praetorium'
2361 2077 2524 2141 illud
2557 2080 2928 2154 nominanS‚

642 2250 789 2319 τότε
850 2252 1065 2318 τοίνυν
1121 2249 1539 2339 προσεδόκων
1594 2254 1715 2332 μὲν
1773 2247 2058 2320 ἅπαντες
2117 2248 2227 2314 τὸν
2267 2249 2590 2337 μακάρων
2648 2253 2929 2318 Παῦλον

513 2355 772 2426 πάντως
808 2354 1210 2442 ἀναιρεῖσθαι
1248 2354 1373 2421 ὑπὸ
1417 2359 1533 2420 τοῦ
1579 2355 1892 2439 Νέρωνος,
1927 2351 2264 2434 αἷμοτιίτου
2309 2351 2417 2418 τὸν
2454 2353 2699 2440 τρόπον
2730 2352 2926 2430 ὄντος,

514 2457 623 2523 καὶ
671 2458 969 2540 μάλιστα
1031 2457 1249 2540 ἐπειδή
1306 2484 1448 2527 πως
1506 2457 1615 2523 καὶ
1676 2455 1867 2521 καινὰ
1926 2455 2130 2520 ἐδόκει
2178 2453 2524 2537 διδάσκειν,
2582 2455 2756 2521 πολὺ
2808 2458 2928 2537 τῆς

405 2579 490 2628 20
514 2561 660 2629 τότε
706 2563 889 2650 παρὰ
909 2561 1247 2647 Ῥωμαίοις
1279 2559 1641 2650 κρατούσης
1671 2560 1820 2645 περὶ
1852 2556 1995 2625 θεὸν
2041 2558 2225 2642 δόξης
2265 2557 2604 2644 ἀλλότρια.
2695 2558 2928 2647 ἔτυχεν

514 2664 622 2731 οὖν
672 2671 1033 2737 παντελοῦς
1086 2666 1394 2753 ἀφέσεως,
1448 2664 1531 2735 ὥς
1579 2663 1688 2729 καὶ
1740 2660 2169 2749 ἀναχωρῆσαι
2220 2665 2336 2744 Τῆς
2381 2661 2637 2745 Ῥώμης
2683 2661 2790 2728 καὶ
2836 2666 2929 2750 τῷ

513 2768 778 2851 συνήθει
806 2769 1024 2857 τρόπῳ
1054 2769 1441 2859 χρήσασθαι
1469 2772 1583 2850 τῆς
1613 2765 2062 2834 διδασκαλίας·
2094 2764 2485 2848 ἐξὲπληττέν
2525 2792 2596 2830 τε
2636 2764 2930 2837 ἅπαντας

512 2871 587 2939 τὸ
637 2872 973 2956 «γενόμενον
1023 2874 1134 2940 καὶ
1177 2872 1553 2961 παῤῥησίαν
1600 2869 1870 2935 ἐνεποίει
1920 2873 2056 2938 τοῖς
2107 2872 2370 2939 πιστοῖς
2420 2873 2536 2935 τοῦ
2582 2867 2928 2934 διδάσκειν.

2436 3034 2461 3085 7
2497 3022 2654 3071 inom
2685 3021 2750 3085 νΙ
2780 3022 2929 3073 doce·

2411 3104 2766 3168 15dogmaH

617 3042 635 3075 1
676 3026 813 3075 affuit
850 3028 895 3077 C
923 3028 1068 3091 (corr)
1102 3028 1167 3077 H
1186 3026 1193 3091 Ι
1224 3028 1561 3091 relinquerunt
1599 3023 1670 3074 C*
1750 3022 2117 3085 dereliquerunt
2150 3023 2216 3070 H

514 3107 659 3156 batur
679 3109 942 3158 uidebatur
963 3110 1030 3159 II
1222 3125 1279 3173 ¹3
1314 3117 1363 3158 et
1386 3125 1462 3156 om
1487 3108 1555 3157 II
1567 3123 1598 3154 r
1798 3120 1856 3164 14
1890 3110 2123 3167 peccatus
2152 3103 2221 3151 C·

585 3261 627 3295 1.
706 3246 763 3296 in
810 3248 983 3310 prima
1050 3264 1151 3295 mea
1206 3248 1486 3312 defensione,
1550 3242 1667 3303 ἂι]

515 3346 543 3379 a
585 3331 716 3380 Tim.
760 3332 822 3379 iv.
874 3330 950 3387 16,
992 3342 1068 3392 17.
1143 3331 1249 3381 Our
1288 3331 1593 3389 translation,
1625 3330 1667 3379 is

513 3413 751 3462 identical
771 3413 825 3461 in
854 3413 977 3461 both
1011 3414 1194 3477 places,
1232 3421 1407 3477 except
1440 3413 1547 3462 that
1580 3415 1667 3462 ad-

496 3494 625 3556 fuit,
646 3496 1002 3558 dereliquerunt
1022 3497 1148 3556 (H),
1172 3496 1269 3544 and
1293 3496 1564 3558 impleatur
1584 3514 1667 3546 are

514 3574 630 3623 here
663 3575 911 3637 imported
946 3574 1071 3622 from
1106 3575 1189 3623 the
1225 3576 1376 3639 Vulg.
1445 3578 1541 3624 Th.
1577 3594 1665 3625 un-

513 3656 770 3703 derstands
801 3655 886 3703 the
920 3657 1088 3716 πρώτη
1122 3656 1367 3716 ἀπολογία
1402 3666 1453 3704 to
1484 3658 1669 3721 belong

513 3743 567 3784 to
598 3735 681 3784 the
710 3735 814 3784 first
839 3737 1244 3799 imprisonment:
1279 3754 1361 3786 see
1384 3737 1460 3786 his
1483 3755 1665 3787 comm.

512 3832 579 3864 on
612 3830 639 3864 α
667 3817 800 3865 Tim.
823 3819 859 3866 l.
886 3835 926 3866 c.
1001 3818 1070 3867 So
1100 3818 1393 3881 apparently
1425 3819 1668 3867 Eusebius

516 3895 605 3960 (II.
635 3898 702 3949 E.
731 3899 780 3948 ii.
814 3896 911 3959 22),
936 3898 1091 3947 Thdt.
1117 3902 1201 3959 (on
1228 3914 1252 3946 2
1278 3899 1411 3947 Tim.
1438 3898 1498 3948 iv.
1537 3898 1626 3953 16).

577 4000 624 4042 4.
710 3982 954 4030 Neronem
988 3982 1237 4042 indicans]
1305 3980 1386 4030 Cf.
1424 3985 1564 4048 infra
1600 4002 1666 4035 on

512 4079 540 4112 α
577 4063 710 4112 Tim.
748 4064 814 4112 iv.
853 4063 926 4113 16.
997 4065 1066 4113 So
1107 4066 1351 4115 Eusebius
1389 4068 1423 4116 l.
1468 4084 1534 4116 c.:
1583 4070 1668 4115 τὸν

513 4144 711 4206 Νέρωνα
732 4146 904 4207 ταύτῃ,
933 4147 993 4195 ὡς
1016 4150 1179 4206 ἔοικεν,
1219 4150 1296 4196 διὰ
1328 4151 1384 4197 τὸ
1420 4150 1669 4207 ὠμόθυμον

511 4227 803 4285 προσειπών.
884 4226 971 4275 All
1012 4226 1096 4276 the
1138 4228 1236 4276 Gk.
1273 4231 1547 4294 expositors
1581 4247 1666 4279 are

510 4306 689 4368 agreed
724 4322 859 4370 upon
893 4307 992 4357 this
1025 4308 1191 4372 point:
1226 4324 1309 4358 see
1345 4310 1517 4360 Suicer
1549 4328 1586 4359 s.
1614 4329 1664 4359 v.

510 4386 645 4436 λέων.

582 4480 653 4527 ¹4-
712 4473 923 4529 pacatus
943 4467 1147 4534 doceret]
1178 4469 1289 4520 The
1314 4470 1413 4520 Gk.
1446 4471 1664 4535 requires

1759 3240 2223 3303 pacati...d0cerent.
2298 3238 2380 3289 Cf.
2406 3255 2456 3303 p.
2483 3253 2597 3302 207,
2622 3239 2656 3287 l.
2687 3250 2732 3301 5,
2760 3239 2930 3289 where

1771 3322 1854 3371 the
1890 3322 2041 3371 Latin
2076 3322 2118 3370 is
2149 3321 2296 3385 right.
2381 3322 2513 3369 Exc.
2552 3322 2694 3371 omni
2725 3328 2923 3381 terrore,

1767 3405 1914 3465 χωρὶς
1937 3404 2110 3465 φόβου.
2181 3404 2276 3451 See
2299 3418 2349 3466 p.
2381 3418 2455 3462 10,
2484 3402 2518 3451 l.
2549 3402 2625 3462 16,
2652 3409 2786 3452 note.

1839 3500 1913 3548 15.
1986 3493 2044 3534 ut
2084 3486 2215 3533 dicat
2256 3487 2312 3533 in
2368 3485 2530 3547 regiis]
2621 3486 2692 3534 So
2747 3486 2927 3548 Chrys.

1773 3567 1942 3632 (arg.):
2000 3569 2289 3629 πραιτώριον
2336 3569 2401 3616 τὰ
2450 3570 2678 3630 βασίλεια,
2733 3569 2927 3616 καλῶντ

1771 3651 1805 3698 ἰ.
1838 3667 1909 3712 14,
1939 3651 2055 3700 τέως
2077 3652 2174 3712 ’γὰρ
2197 3649 2345 3698 οὕτως
2368 3651 2571 3698 ἐκάλουν
2593 3647 2656 3698 τὰ
2679 3651 2928 3712 βασίλεια.

1769 3734 1890 3781 And
1913 3733 2089 3790 Thdt.,
2115 3734 2204 3781 but
2228 3748 2365 3781 more
2386 3732 2691 3795 cautiously:
2725 3733 2847 3782 εἰκὸς
2878 3733 2931 3781 δὲ

1770 3814 1843 3861 ὅτι
1882 3816 1963 3861 καὶ
2005 3811 2151 3861 οὕτως
2188 3809 2290 3860 κατ’
2330 3814 2506 3860 ἐκεῖνον
2542 3813 2815 3876 ὠνομάζετο
2846 3813 2932 3862 τὸν

1770 3897 1954 3958 καιρόν·
1990 3896 2146 3956 ἀρχὴν
2166 3891 2266 3956 γὰρ
2290 3895 2419 3955 εἶχεν
2442 3893 2475 3953 ᾗ
2491 3891 2732 3952 Ῥωμαϊκὴ
2758 3895 2928 3942 Burad-

1770 3977 1889 4024 τεὶα.
1961 3976 2079 4025 Oec.
2113 3978 2187 4038 (as
2210 3975 2351 4037 Th.):
2382 3976 2648 4034 τουτέστιν,
2675 3975 2749 4036 τῷ
2766 3978 2929 4024 παλα-

1770 4058 1870 4117 τίῳ.
1926 4057 2116 4120 Thpht.
2147 4057 2341 4105 follows
2365 4057 2577 4121 Chrys.;
2607 4057 2757 4105 Dam.
2781 4056 2929 4106 alone

1769 4153 1937 4201 passes
1982 4154 2047 4187 on
2094 4138 2303 4187 without
2347 4138 2563 4187 remark.
2658 4137 2798 4187 Thus
2842 4139 2929 4188 the

1771 4219 1936 4267 Greek
1961 4220 2237 4283 expositors
2261 4219 2388 4268 from
2411 4221 2590 4283 Chrys.
2615 4220 2930 4270 downwards

1767 4318 1851 4350 are
1875 4301 1942 4350 all
1966 4303 2054 4350 but
2089 4302 2384 4352 unanimous
2417 4304 2470 4352 in
2503 4310 2711 4367 support
2746 4302 2805 4351 of
2830 4303 2931 4354 this

1768 4380 2171 4445 interpretation3
2206 4381 2464 4446 although,
2487 4398 2542 4432 as
2567 4383 2642 4431 Dr
2670 4382 2931 4446 Lightsoot

1765 4463 1855 4513 has
1879 4464 2136 4524 observeti,
2168 4463 2252 4515 the
2276 4463 2521 4529 lauguage
2545 4463 2604 4513 of
2624 4464 2797 4527 Chrys.
2828 4463 2930 4513 and
