3293 5233
506 418 623 481 182
1182 427 1638 480 THEODORUS
1686 427 2270 481 morsui-,smnus
2496 415 2602 501 [V.
2645 419 2850 482 18—2
2865 437 2917 485 1.

498 604 570 667 in
607 601 865 685 Spiritu
884 589 923 676 ,·'
959 601 1273 684 loquentes
1302 600 1480 665 uobis
1502 599 1789 683 psalmis
1829 609 1894 663 et
1935 600 2196 681 hymnis
2238 611 2302 665 et
2344 601 2612 666 canticis
2651 603 2919 686 spirita-

497 709 682 783 libus,
709 714 1040 770 cantantes
1083 714 1146 768 et
1180 705 1525 787 psallentes
1571 704 1643 767 in
1685 703 1980 768 cordibus
2017 706 2255 768 uestris
2282 705 2565 769 Domino
2584 729 2615 782 ,·
2649 706 2920 788 gratias

496 818 755 892 agentes
780 819 1026 889 semper
1049 818 1177 890 pro
1210 807 1519 882 omnibus,
1551 806 1621 870 in
1655 806 1910 870 nomine
1936 805 2191 871 domiui
2230 807 2442 872 nostri
2465 805 2616 872 Iesu
2650 806 2917 885 Christi,

497 909 637 973 Deo
664 918 727 972 et
753 908 971 973 Patri.

436 1058 467 1124 5
632 1051 753 1114 ‘ab
802 1051 1121 1115 ebrietate
1160 1051 1430 1134 quidem
1475 1060 1706 1114 cavete
1751 1071 1841 1113 ex
1888 1071 2022 1133 qua
2070 1051 2333 1115 luxuria
2381 1052 2709 1135 impletur.
2797 1052 2915 1114 ad-

501 1152 784 1216 celerate
831 1174 988 1216 uero
1037 1174 1157 1215 uos
1207 1154 1385 1235 ipsos
1437 1154 1677 1234 dignos
1726 1151 2041 1217 exhibere
2090 1164 2163 1217 ut
2211 1153 2459 1236 Spiritu
2510 1154 2913 1236 repleamini,

503 1255 857 1317 uirtutibus
919 1255 1355 1332 intendenteS,
1418 1255 1691 1337 psalmis
1744 1276 2008 1338 quoque
2068 1264 2134 1319 et
2187 1255 2588 1338 spiritalibus
2641 1256 2917 1319 canticis

502 1374 765 1435 semper
816 1355 1017 1418 corda
1076 1366 1296 1419 uestra
1356 1356 1818 1437 inlustrantes;
1879 1377 2131 1439 proque
2192 1358 2499 1421 omnibus
2559 1358 2686 1420 illis
2743 1377 2916 1440 quae

502 1457 695 1520 uobis
748 1478 866 1540 per
920 1458 1256 1523 Christum
1305 1459 1570 1522 conlata
1616 1470 1771 1523 sunt
1829 1463 2190 1543 gratiarum
2252 1462 2580 1526 actionem
2642 1462 2916 1525 reddere

400 1574 479 1621 10
505 1560 653 1624 Deo
686 1573 1055 1645 properate,
1080 1564 1172 1626 ita
1204 1572 1278 1626 ut
1310 1583 1674 1645 numquam
1706 1564 1926 1627 minus
1957 1565 2215 1629 faciatis
2246 1567 2404 1648 quin
2437 1566 2661 1629 animo
2692 1576 2916 1628 uestro

502 1665 786 1729 laudetis
849 1667 1087 1732 Deum.
1177 1686 1376 1749 quam
1438 1667 1703 1730 laudem
1765 1670 2076 1732 conuenit
2136 1690 2256 1751 pro
2315 1669 2442 1732 illis
2501 1690 2671 1752 quae
2724 1669 2917 1732 uobis

502 1768 750 1831 tributa
783 1779 936 1831 sunt
967 1769 1058 1831 illi
1092 1789 1242 1832 cum
1273 1770 1634 1851 gratiarum
1667 1770 1941 1834 reddere
1971 1770 2265 1835 actione?

631 1882 699 1937 et
758 1874 995 1937 iterum
1056 1874 1298 1937 adiecit
1344 1873 1472 1949 illa,
1520 1875 1699 1939 unde
1746 1875 1985 1956 coepit,
2039 1876 2124 1938 de
2178 1875 2417 1957 quibus
2466 1885 2534 1939 et
2583 1873 2796 1938 multa
2844 1875 2913 1938 in

504 1978 725 2041 medio
758 1978 958 2041 uerba
989 1978 1222 2041 fecisse
1253 1979 1548 2040 uidetur:

401 2155 468 2222 ¹5
629 2150 892 2215 subiecti
918 2153 1188 2214 inuicem
1220 2152 1290 2215 in
1322 2151 1548 2215 timore
1582 2151 1846 2217 Cleristi.

633 2283 823 2340 ‘ante
860 2280 1084 2341 omnia
1120 2277 1381 2360 (inquit)
1419 2288 1689 2361 propter
1718 2280 2025 2343 timorem
2070 2279 2312 2344 Christi
2361 2280 2704 2342 caritatem
2742 2299 2916 2361 quae

502 2381 784 2443 inuicem
819 2391 919 2444 est
950 2384 1378 2468 ostendentes
1404 2402 1418 2458 ;
1453 2403 1668 2464 neque
1699 2383 1905 2445 subici
1940 2383 2129 2446 uobis
2163 2384 2227 2444 in
2262 2383 2545 2445 inuicem
2576 2382 2915 2459 differatiS,

501 2494 771 2566 propter
816 2484 998 2548 illum
1051 2485 1302 2548 lucrum
1363 2488 1540 2567 quod
1602 2486 1758 2548 hinc
1818 2487 2007 2550 uobis
2068 2486 2335 2549 adnasci
2397 2486 2690 2549 uidetur.’

633 2599 698 2653 et
730 2590 1045 2671 quoniam
1079 2610 1500 2653 communem
1535 2590 1617 2652 ad
1653 2610 1886 2653 omnes
1916 2590 2087 2653 hanc
2120 2588 2352 2653 fecisse
2382 2590 2644 2653 uidetur
2674 2588 2915 2654 exhor-

391 2708 476 2756 20
502 2693 840 2766 tationem,
891 2695 1122 2776 incipit
1168 2695 1338 2757 ultra
1384 2695 1468 2757 de
1514 2694 1617 2756 his
1664 2694 1929 2775 propria
1973 2714 2144 2775 quae
2190 2694 2541 2774 unicuique
2586 2703 2740 2758 sunt
2780 2695 2913 2757 dis-

500 2805 749 2876 putare,
783 2806 849 2858 et
880 2817 1050 2877 quae
1088 2797 1257 2859 ultra
1294 2816 1438 2882 ,non
1487 2797 1571 2858 ad
1619 2816 1852 2858 omnes
1900 2795 2201 2858 similiter
2231 2796 2557 2876 pertinere
2589 2805 2914 2876 poterant.

502 2905 569 2958 et
621 2896 751 2959 alia
810 2898 1079 2979 quidem
1135 2899 1395 2980 proprie
1449 2898 1676 2960 scribit
1729 2897 2111 2960 mulieribus
2165 2898 2258 2959 ita
2306 2906 2379 2959 ut
2431 2917 2588 2978 erga
2641 2898 2915 2960 maritos

503 3021 656 3063 suos
689 3021 879 3064 suum
924 3011 1188 3064 seruent
1237 3000 1546 3063 affectum
1572 3022 1588 3079 ;
1634 3000 1764 3062 alia
1812 3022 1969 3063 uero
2018 3001 2173 3063 uiris
2223 3000 2447 3062 scribit
2495 3001 2589 3063 ita
2637 3010 2710 3063 ut
2758 3021 2913 3083 erga

501 3123 653 3165 suas
715 3125 957 3167 uxores
1018 3104 1277 3184 integro
1338 3103 1470 3165 sint
1530 3103 1814 3165 arbitrio,
1922 3102 2305 3185 parentibus
2365 3122 2628 3182 quoque
2689 3102 2914 3165 scribit

390 3227 467 3291 25
502 3218 574 3270 ut
627 3228 784 3288 erga
843 3206 1011 3270 filios
1072 3227 1225 3268 suos
1286 3204 1594 3267 affectum
1649 3203 1940 3268 habeant
1993 3206 2358 3268 inlibatum.
2450 3203 2599 3266 filiis
2651 3225 2914 3287 quoque

501 3309 727 3372 scribit
768 3319 840 3372 ut
889 3318 1197 3390 parentes
1247 3327 1401 3368 suos
1451 3307 1631 3368 omni
1665 3306 1913 3369 honore
1944 3307 2183 3388 dignos
2216 3306 2619 3369 existiment.
2708 3306 2915 3368 seruis

598 3500 625 3549 5
662 3486 878 3535 luxurias
917 3486 1133 3549 impetur
1174 3485 1278 3544 (sic)
1323 3484 1366 3532 C
1372 3483 1397 3507 ⁸*
1433 3481 1533 3545 lad
1570 3483 1822 3532 celeritate
1868 3484 1911 3531 C
1917 3482 1944 3507 *
2221 3496 2280 3531 ιο
2313 3480 2398 3544 qui
2439 3479 2490 3528 in
2531 3479 2645 3544 (fhr
2681 3478 2821 3545 quin)
2857 3481 2924 3529 H

507 3585 562 3631 13
598 3576 647 3617 et
671 3567 764 3626 (2⁰)
789 3584 864 3615 om
895 3568 938 3614 C
1118 3581 1191 3629 15,
1228 3580 1282 3628 17
1310 3565 1360 3614 in
1387 3563 1627 3629 (bey‘inu.)
1653 3565 1758 3613 add
1779 3566 1821 3614 C
1844 3562 1988 3627 (corr)
2017 3564 2082 3612 H
2231 3565 2288 3612 18
2322 3562 2446 3610 illud
2477 3563 2521 3610 C
2541 3560 2687 3624 (corr)
2855 3575 2916 3625 25

500 3650 729 3699 effectum
758 3649 800 3697 C
806 3648 833 3673 ⁴*
855 3649 923 3696 H

499 3806 631 3854 ἐστὶν
656 3804 852 3851 ἀσωτία.
903 3803 1029 3852 Cod.
1057 3802 1245 3852 Amiat.
1267 3803 1443 3852 inserts
1462 3804 1656 3859 omnis;
1831 3818 1905 3852 10.
1974 3802 2045 3850 ita
2079 3809 2136 3849 ut
2169 3817 2444 3864 numquam
2480 3800 2649 3847 minus
2669 3799 2720 3862 f
2760 3798 2913 3862 quin]

501 3889 612 3936 cod.
639 3886 784 3935 Fuld.
811 3887 912 3934 and
937 3885 1021 3934 the
1047 3886 1207 3934 Clem.
1240 3885 1389 3949 Vulg.
1418 3885 1566 3947 reject
1598 3885 1650 3934 it.
1764 3885 1894 3933 ‘that
1919 3898 1978 3947 ye
2002 3899 2117 3945 may
2139 3897 2288 3930 never
2311 3881 2396 3929 fail
2421 3880 2509 3939 t0,’
2533 3881 2619 3929 «Sec.

568 3985 612 4017 2.
681 3968 735 4015 in
770 3967 990 4015 cordibus
1022 3966 1213 4025 uestris]
1282 3966 1352 4014 So
1386 3967 1469 4014 the
1506 3966 1655 4014 Latin
1828 3981 1902 4028 13·
1971 3964 2102 4012 unde
2121 3963 2294 4025 coepit]
2348 3961 2426 4011 Cf.
2453 3978 2502 4024 p.
2531 3960 2635 4023 163,
2667 3962 2700 4009 l.
2731 3977 2870 4025 2,sq.

500 4050 743 4102 versions;
796 4048 880 4096 the
924 4047 1026 4096 Gk.
1068 4046 1357 4094 authorities
1402 4046 1521 4094 with
1562 4045 1656 4094 few
1832 4049 1903 4096 18.
1960 4053 2164 4110 propter
2193 4046 2335 4093 illum
2375 4045 2573 4092 lucrum
2617 4042 2767 4106 quod]
2834 4042 2918 4092 Cf.

499 4131 785 4195 exceptions
807 4130 918 4192 give
943 4128 1100 4189 [ἐν]τῇ
1123 4130 1290 4188 καρδίᾳ
1319 4128 1458 4185 ὑμῶν.
1762 4128 1978 4188 Ronsch,
2008 4129 2159 4187 Itala,
2189 4142 2240 4190 p.
2268 4124 2379 4188 276.

567 4213 612 4258 8.
697 4208 1276 4271 semper..,inlustratum
1355 4207 1473 4266 ἂι]
1574 4206 1657 4255 Cf.
1832 4225 1904 4276 19.
1989 4217 2036 4257 et
2099 4210 2336 4273 quoniam
2404 4222 2722 4265 communem,
2801 4204 2919 4266 δῖα]

500 4292 595 4339 Th.
627 4307 692 4339 on
720 4291 847 4340 Hos.
876 4290 972 4337 xiv.
992 4306 1018 4352 3
1046 4289 1258 4351 (Migne,
1282 4290 1421 4352 208):
1459 4290 1656 4350 προτρέ-
1760 4291 1912 4338 Thdt.
1935 4308 1947 4339 ι
1983 4293 2059 4337 καὶ
2086 4292 2250 4348 ἐπειδὴ
2277 4285 2434 4347 κοινὴν
2456 4286 2545 4347 τὴν
2569 4289 2677 4348 περὶ
2701 4288 2786 4346 τῆς
2804 4287 2920 4334 ὑπο·

504 4376 665 4433 ψασθε
688 4375 862 4422 πάντες
886 4375 1129 4430 ἀλλήλους
1153 4374 1375 4431 διηνεκεῖς
1397 4372 1530 4433 αὐτῷ
1551 4374 1660 4421 τοὺς
1759 4374 1914 4433 ταγῆς
1951 4373 2233 4431 νομοθεσίαν
2272 4372 2623 4432 προσήνεγκαν,
2663 4366 2765 4417 κατ’
2800 4369 2921 4418 εἶδος

499 4451 668 4508 ὕμνους
691 4455 767 4500 καὶ
793 4455 878 4502 τὰς
901 4453 1204 4514 εὐχαριστίας
1238 4452 1355 4513 ὑπὲρ
1385 4451 1478 4500 τῶν
1510 4452 1657 4513 ὑπαρ-
1759 4452 1931 4502 λοιπὸν
1968 4455 2190 4513 παραινεῖ
2218 4454 2283 4500 τὰ
2321 4451 2921 4511 κατάλληλα...θαυμάσαι

501 4536 683 4591 &vrum
708 4536 815 4593 ὑμῖν
839 4536 1096 4584 ἀποδοῦναι
1123 4534 1296 4584 καλῶν.
1763 4535 1812 4583 δὲ
1837 4536 1964 4593 ἄξιον
1987 4534 2073 4592 τήν
2094 4535 2178 4593 τῆς
2203 4533 2520 4593 παραινέσεως
2543 4531 2695 4590 τάξιν,
2721 4532 2879 4579 κ.τ.λ.
