3293 5233
580 366 705 430 262

1249 375 1704 427 THEODORUS
1751 375 2333 429 MOPSUESTENUS

2782 365 2861 450 [Ι.
2903 379 2996 447 15.

580 547 924 611 euidenter
964 546 1283 630 quoniam
1326 565 1562 609 omnes
1603 546 1671 608 in
1710 563 1862 609 eum
1906 547 2095 628 quasi
2138 546 2205 609 in
2244 544 2605 630 imaginem
2653 550 2993 632 quandam

579 649 876 713 diuinam
923 650 1285 713 conicimus
1326 659 1650 723 naturam,
1685 649 1750 711 in
1797 667 1932 730 qua
1979 647 2254 712 refertur
2290 652 2683 733 magnitudo
2730 652 2993 717 illorum

580 769 755 832 quae
813 751 1201 828 efficiuntur,
1252 770 1386 814 non
1449 748 1692 814 uisibili
1748 759 1985 813 natura
2037 751 2236 815 iudici
2291 755 2754 817 auctoritatem
2800 775 2996 838 repu-

580 863 818 920 tanteS.

908 854 1269 917 demiratus
1319 874 1469 918 sum
1530 863 1757 916 autem
1814 852 1985 933 illos,
2037 855 2148 936 qui
2214 855 2279 918 in
2333 856 2631 920 diuinam
2687 867 2992 922 naturam

522 966 550 1034 5
580 954 707 1019 hoc
736 966 1207 1039 susceperunt;
1252 956 1365 1039 qui
1399 956 1686 1039 primum
1731 956 2002 1038 quidem
2037 976 2170 1019 non
2210 958 2536 1036 uiderunt,
2570 960 2885 1041 quoniam
2926 970 2995 1024 et

580 1057 817 1122 beatus
850 1058 1123 1140 Moyses
1154 1059 1240 1122 de
1270 1058 1540 1122 homine
1577 1058 1754 1133 dicit,
1785 1059 2101 1141 quoniam
2144 1059 2216 1121 in
2247 1058 2598 1142 imaginem
2627 1060 2809 1124 Deus
2827 1062 2998 1143 fecit

578 1181 723 1224 eum
741 1182 773 1237 ,·
819 1171 888 1225 et
914 1162 1152 1225 beatus
1186 1160 1467 1225 Paulus:
1513 1160 1626 1223 uir
1652 1160 1908 1243 quidem
1941 1182 2066 1224 non
2097 1162 2273 1225 debet
2300 1164 2514 1227 uelare
2540 1175 2743 1246 caput,
2779 1164 2995 1247 imago

579 1274 643 1327 et
657 1263 881 1348 gloria
902 1264 1035 1327 Dei
1059 1275 1296 1342 extans,
1322 1265 1502 1347 quod
1535 1284 1903 1346 numquam
1935 1264 2019 1328 de
2042 1265 2423 1330 hominibus
2454 1268 2708 1331 dictum
2741 1268 2992 1347 fuisset,

581 1369 637 1431 si
696 1368 961 1433 diuinae
1020 1377 1294 1432 naturae
1356 1367 1695 1450 proprium
1758 1377 1911 1432 erat.

479 1487 558 1535 10
581 1482 965 1556 spexerunt‚
1011 1475 1327 1558 quoniam
1373 1471 1590 1535 omnis
1634 1471 1877 1554 imago,
1929 1472 2090 1535 dum
2148 1472 2293 1556 ipsa
2340 1475 2619 1552 uidetur,
2669 1475 2829 1540 illud
2885 1499 2992 1542 os-

1636 1574 1776 1638 fieri
1824 1596 1982 1657 ergo
2032 1573 2218 1659 [non]
2282 1586 2506 1661 potest
2558 1587 2631 1642 ut
2676 1579 2827 1642 talis
2875 1580 2992 1646 fiat

583 1581 798 1644 tendit
843 1582 1023 1663 quod
1074 1600 1207 1643 non
1261 1578 1542 1641 uidetur.

2043 1369 2288 1433 deinde
2350 1391 2564 1453 neque
2625 1371 2789 1434 illud
2839 1394 2992 1456 pro-

582 1684 822 1765 imago,
871 1702 1043 1765 quae
1095 1701 1229 1745 non
1281 1682 1560 1754 uidetur,
1607 1697 1761 1742 cum
1814 1678 1901 1740 sit
1961 1678 2236 1741 euidens
2296 1679 2611 1761 quoniam
2667 1682 2990 1763 imagines

579 1796 851 1869 propter
893 1785 1020 1849 hoc
1060 1784 1199 1848 fieri
1241 1792 1596 1847 consuetae
1642 1789 1797 1844 sunt
1838 1780 2016 1862 apud
2065 1779 2212 1843 illos
2252 1783 2364 1865 qui
2405 1791 2522 1845 aut
2560 1781 2829 1846 honoris
2873 1792 2991 1846 aut

681 1938 701 1973 1
739 1923 792 1972 in
815 1939 875 1972 eo
898 1922 1038 1988 quasi
1062 1920 1113 1970 in
1137 1920 1350 1984 imagine
1379 1920 1422 1968 C
1444 1919 1591 1978 (corr)

581 2009 587 2068 1
613 2014 817 2054 naturae
840 2020 872 2052 r

577 2140 632 2174 as
657 2125 844 2188 having
869 2123 1114 2172 reference
1139 2131 1192 2171 to
1215 2122 1300 2171 the
1325 2120 1508 2169 Divine
1534 2120 1727 2168 Nature

576 2208 635 2257 of
662 2208 749 2256 the
781 2206 936 2254 Word
957 2223 972 2264 ;
1020 2202 1087 2267 (2)
1125 2204 1177 2253 in
1214 2219 1448 2253 common
1485 2202 1605 2251 with
1648 2201 1732 2250 the

578 2290 811 2354 majority
832 2288 890 2337 os
913 2288 998 2337 the
1024 2286 1247 2346 Fathers,
1278 2285 1343 2334 he
1373 2301 1548 2348 argues
1572 2289 1604 2310 “
1622 2284 1730 2332 that

576 2390 631 2422 as
653 2373 738 2422 the
761 2369 1030 2432 archetype
1055 2368 1096 2416 is
1119 2366 1366 2423 invisible,
1386 2381 1442 2414 so
1461 2365 1545 2413 the
1566 2364 1732 2427 image

576 2461 707 2503 must
730 2452 793 2500 be
817 2449 1045 2499 invisible
1067 2448 1173 2495 also
1188 2444 1217 2466 ”
1244 2445 1536 2509 (Lightfoot,
1574 2445 1731 2493 Colos-

574 2535 727 2591 sians,
770 2547 822 2595 p.
866 2545 921 2578 αι
935 2531 997 2590 1).
1067 2527 1198 2577 Both
1245 2528 1489 2592 positions
1533 2543 1617 2576 are
1657 2527 1729 2575 di-

574 2613 730 2677 rectly
752 2610 1009 2661 contested
1036 2608 1104 2672 by
1127 2608 1224 2657 Th.
1253 2606 1303 2673 (“
1320 2607 1588 2657 demiratus
1619 2623 1728 2657 sum

573 2707 741 2746 autem
797 2693 926 2753 illos,
986 2690 1328 2741 &c....deinde
1387 2706 1549 2755 neque
1605 2690 1730 2739 illud

575 2774 979 2845 prospexerunt,”
1016 2775 1148 2833 &c.).
1216 2773 1278 2822 In
1315 2772 1413 2821 this
1446 2772 1616 2821 attack
1661 2788 1729 2821 on

572 2862 658 2912 the
689 2859 921 2910 Catholic
957 2859 1084 2907 view
1122 2856 1181 2905 of
1212 2856 1296 2905 the
1333 2856 1485 2913 εἰκών,
1528 2855 1591 2904 he
1627 2855 1727 2904 had

573 2948 700 2993 been
730 2941 1036 3004 anticipated
1071 2939 1139 3002 by
1171 2937 1438 2986 Marcellus
1472 2936 1625 2997 [cited
1660 2938 1728 2999 by

572 3025 757 3075 Euseb.
802 3039 839 3073 c.
891 3023 1056 3070 filare.
1103 3020 1154 3068 ii.
1203 3019 1397 3082 (Migne
1437 3033 1514 3080 24,
1558 3016 1726 3080 805)]:

572 3105 735 3155 οὐκοῦν
760 3104 999 3167 πρόδηλον
1031 3099 1107 3149 ὅτι
1139 3098 1230 3162 πρὸ
1261 3100 1348 3158 τῆς
1379 3099 1464 3147 τοῦ
1496 3099 1728 3162 ἡμετέρου

569 3189 787 3245 σώματος
827 3181 1114 3245 ἀναλήψεως
1159 3180 1184 3230 ὁ
1228 3183 1374 3240 λόγος
1408 3179 1515 3228 καθ’
1555 3178 1724 3229 ἑαυτὸν

570 3269 652 3317 οὐκ
685 3266 745 3328 ἦν
783 3266 919 3317 εἰκών
959 3265 1045 3313 τοῦ
1078 3261 1283 3327 ἀοράτου
1314 3262 1437 3311 θεοῦ.
1505 3258 1594 3320 τὴν
1627 3263 1726 3325 γὰρ

568 3348 728 3399 εἰκόνα
751 3348 954 3410 ὁρᾶσθαι
971 3344 1215 3408 προσήκει,
1239 3345 1318 3392 ἵνα
1343 3340 1418 3391 διὰ
1440 3343 1525 3394 τῆς
1548 3344 1726 3393 εἰκόνος

568 3431 624 3481 τὸ
659 3435 776 3480 τέως
804 3428 873 3489 μὴ
905 3428 1143 3491 ὁρώμενον
1176 3426 1381 3489 ὁρᾶσθαι
1411 3425 1726 3484 δύνηται...αἰ

566 3514 664 3575 γάρ
708 3510 883 3559 εἰκόνες
926 3508 1105 3556 τούτων
1148 3505 1212 3555 ὧν
1255 3509 1372 3555 εἰσιν
1418 3508 1598 3555 εἰκόνες
1643 3508 1723 3554 καί

566 3593 790 3643 εἰπόντων
850 3590 1078 3638 δεικτικαί
1133 3592 1275 3636 εἰσιν·
1334 3587 1459 3636 ὥστε
1512 3589 1591 3635 καί
1640 3587 1726 3637 τὸν

565 3672 756 3722 εἰπόντα
787 3668 845 3718 δι’
870 3668 1023 3717 αὐτῶν
1049 3671 1307 3729 φαίνεσθαι
1332 3669 1501 3716 δοκεῖν.

634 3771 676 3804 2.
745 3753 1034 3813 conicimus]
1099 3753 1305 3815 jacobi:
1389 3753 1558 3801 “sorte
1614 3769 1721 3800 con·

562 3836 850 3903 spe'cimus.'’
919 3836 1012 3884 See
1036 3851 1116 3882 vv.
1141 3833 1191 3882 ll.

629 3934 676 3983 9.
749 3919 797 3966 si
815 3918 1025 3966 diuinae
1062 3925 1275 3964 naturae
1296 3916 1563 3979 proprium
1594 3916 1722 3976 erat]

563 4001 702 4049 ‘The
747 4014 977 4063 passages
1023 3999 1152 4045 Gen.
1200 3995 1233 4043 i.
1283 4011 1341 4057 27
1389 3993 1514 4056 (κατ’
1561 3996 1721 4044 εἰκόνα

563 4080 675 4130 θεοῦ
717 4081 941 4138 ἐποίησεν
989 4076 1151 4139 αὐτόν)
1204 4077 1301 4124 ancl
1358 4092 1373 4124 1
1418 4078 1535 4124 Cor.
1585 4075 1648 4124 xi.
1695 4089 1719 4139 7

564 4163 908 4227 (ἀνὴρ...εἰκὼν
946 4164 1022 4209 καί
1061 4160 1174 4217 δόξα
1211 4158 1320 4207 θεοῦ
1355 4157 1605 4220 ὑπάρχων)
1636 4175 1721 4207 are

564 4245 802 4293 sufficient
834 4254 884 4291 to
916 4258 1067 4306 prove
1100 4242 1204 4289 that
1238 4241 1321 4289 the
1353 4249 1477 4288 term
1510 4243 1645 4288 εἰκών
1679 4241 1722 4289 is

565 4340 649 4376 not
709 4325 1001 4387 necessarily
1047 4335 1097 4372 to
1143 4324 1205 4371 be
1259 4322 1468 4370 referred
1528 4332 1579 4370 to
1636 4323 1721 4371 the

566 4407 749 4457 Divine
795 4407 985 4454 Nature
1029 4404 1083 4451 os
1124 4402 1327 4453 Christ)
1395 4404 1576 4466 Comp.
1627 4404 1720 4467 Bp.

566 4488 864 4554 Lightsoot's
904 4488 1097 4536 remark
1135 4489 1204 4534 ad
1230 4488 1278 4533 Ιι.
1314 4488 1377 4535 l.:
1430 4487 1563 4535 “the
1604 4488 1714 4535 idea

1837 1930 1861 1964 2
1898 1917 2208 1966 continemus
2231 1917 2255 1967 I
2479 1933 2507 1980 3
2542 1916 2751 1967 uisibilis
2780 1918 2822 1968 C
2843 1916 2990 1983 (corr)

1072 2018 1089 2051 1
1105 2018 1123 2051 1
1161 2018 1263 2051 non
1285 2018 1361 2051 om
1391 2002 1433 2052 C
1455 2002 1520 2049 H
1533 2016 1593 2049 r.-
1626 2005 1707 2048 txt
1724 2000 1846 2062 conj.
1871 1999 2071 2063 Jacobi.

1829 2119 1889 2168 of
1926 2120 2199 2184 perfectiori
2243 2120 2366 2169 does
2399 2126 2489 2169 not
2534 2119 2600 2169 lie
2634 2120 2686 2168 in
2722 2119 2808 2169 the
2847 2120 2986 2168 word

1829 2202 1972 2261 itseif,
2012 2202 2099 2251 but
2130 2212 2259 2251 must
2290 2202 2355 2250 be
2384 2203 2564 2265 sought
2595 2202 2722 2250 from
2753 2202 2838 2251 the
2868 2218 2984 2251 con·

1829 2289 1929 2330 text
1971 2280 2090 2345 (ag.
2128 2278 2226 2330 πᾶν
2271 2280 2328 2330 τό
2371 2285 2609 2345 πλήρωμα
2648 2299 2750 2331 ver.
2798 2281 2984 2347 19)”—

1827 2363 2008 2420 where,
2053 2365 2300 2422 however,
2335 2364 2434 2413 Th.
2474 2365 2750 2428 altogether
2786 2365 2895 2413 sails
2932 2372 2985 2413 to

1827 2443 1929 2494 find
1967 2445 2039 2505 it;
2089 2462 2171 2496 see
2210 2447 2288 2495 his
2325 2462 2507 2496 comm.
2548 2462 2614 2495 on
2652 2446 2685 2494 i.
2729 2461 2805 2510 19.
2872 2447 2983 2497 The

1825 2528 2145 2577 substitution
2176 2528 2233 2577 of
2256 2528 2398 2576 Deus
2428 2527 2503 2576 sor
2526 2528 2629 2576 Dei
2651 2527 2702 2575 in
2733 2528 2861 2577 Gen.
2886 2528 2921 2577 l.
2939 2543 2980 2576 c.

1824 2606 1866 2656 is
1903 2609 2118 2673 scarcely
2152 2626 2181 2659 a
2226 2608 2460 2674 copyist’s
2504 2608 2732 2658 mistake.
2801 2608 2898 2657 Th.
2941 2608 2982 2659 is

1824 2691 2035 2755 quoting
2070 2693 2359 2751 memoriter,
2396 2692 2494 2740 and
2529 2691 2619 2740 has
2650 2692 2865 2739 blended
2897 2690 2979 2751 (cf.

1827 2792 1911 2839 pp.
1937 2790 2017 2837 54,
2046 2774 2081 2823 1.
2107 2774 2152 2836 6,
2177 2784 2322 2833 note;
2355 2777 2435 2832 81,
2460 2774 2494 2822 1.
2521 2791 2568 2833 4,
2602 2772 2739 2835 note)
2773 2774 2856 2822 the
2880 2783 2982 2823 two

1825 2858 2071 2906 members
2138 2855 2196 2904 of
2253 2855 2338 2905 the
2397 2871 2536 2904 verse
2603 2853 2701 2918 (καὶ
2756 2856 2980 2914 ἐποίησεν

1825 2935 1859 3000 ὁ
1918 2937 2060 3000 θεὸς
2105 2940 2189 2991 τὸν
2236 2944 2513 3005 ἄνθρωπον·
2588 2931 2714 2998 κατ’
2776 2933 2983 2999 εἰκόΝΔ

1826 3031 1933 3079 θεοῦ
1967 3020 2254 3086 ἐποιἨοεΝ
2292 3018 2546 3103 (κγ’-τόκα.)
2985 3044 2990 3049 ·

1895 3123 1912 3155 1
1925 3123 1968 3155 2.
2025 3111 2263 3171 imagines
2274 3116 2479 3173 propter
2498 3108 2716 3172 lzocfieri
2733 3116 2984 3157 consuetae

1820 3196 1957 3246 sunt,
1994 3190 2108 3251 ἃς]
2175 3192 2357 3254 Comp.
2399 3190 2482 3238 the
2522 3190 2671 3238 Latin
2711 3189 2886 3254 fragm.
2927 3191 2980 3241 in

1822 3270 2012 3333 Migne,
2038 3284 2227 3337 991-—2
2249 3289 2259 3319 ε
2287 3271 2600 3319 “secundum
2623 3271 2746 3319 duas
2765 3271 2981 3321 rationes

1819 3346 1982 3396 locum
2008 3348 2237 3412 imaginis
2264 3347 2473 3396 obtinet.
2541 3348 2626 3411 qui
2649 3347 2782 3396 enim
2806 3357 2979 3398 amant

1818 3431 2079 3492 quosdam,
2112 3439 2223 3495 post
2256 3438 2466 3478 mortem
2502 3436 2754 3492 tamquam
2781 3429 2832 3478 in
2857 3430 2980 3478 ima·

1816 3511 1931 3574 gine
1956 3512 2250 3575 aspicientes
2283 3520 2455 3574 putant
2480 3511 2800 3560 uidere...sed
2828 3511 2978 3560 etiam

1817 3590 1889 3639 illi
1913 3591 1996 3654 qui
2031 3607 2117 3654 per
2148 3591 2371 3639 ciuitates
2405 3591 2587 3638 habent
2621 3591 2978 3653 imperatorum

1817 3675 2073 3737 imagineS,
2107 3682 2360 3738 tamquam
2401 3685 2684 3738 praesentes
2718 3684 2767 3723 et
2799 3674 2973 3722 uiden·

1817 3752 1907 3798 dos
1933 3752 2174 3799 honorare
2211 3752 2441 3799 uidentur
2479 3767 2564 3798 eos
2601 3751 2686 3813 qui
2721 3766 2822 3798 non
2861 3760 2976 3800 sunt

1818 3843 2098 3895 praesentes
2129 3833 2262 3881 cultu
2287 3842 2334 3881 et
2364 3833 2654 3881 adoratione
2685 3832 2975 3895 imaginum.

1818 3917 1912 3964 ista
1945 3924 2112 3963 autem
2146 3924 2356 3975 utraque
2392 3929 2478 3975 per
2513 3913 2653 3960 illum
2701 3913 2978 3976 adimplen-

1817 3994 1945 4045 tur.”
2003 3995 2085 4044 On
2111 3994 2193 4043 the
2218 3994 2399 4042 second
2426 3994 2567 4057 point
2592 3993 2689 4040 Th.
2710 3993 2977 4043 elsewhere

1816 4079 2036 4127 remarks
2083 4076 2227 4139 (Mai,
2272 4092 2363 4122 scr.
2411 4081 2506 4123 τιεί.
2556 4091 2671 4123 nou.
2719 4076 2824 4123 coll.
2865 4076 2968 4133 vii„

1818 4179 1867 4225 p.
1904 4161 2007 4223 73):
2054 4156 2246 4218 ἐμφανῆ
2281 4162 2330 4207 δὲ
2366 4155 2536 4206 λοιπόν
2583 4156 2672 4215 τὴν
2713 4156 2854 4216 τιμὴν
2888 4155 2977 4217 τῆς

1815 4243 2067 4303 βασιλείας
2106 4238 2181 4287 διὰ
2216 4238 2409 4287 πάντων
2446 4240 2686 4300 κομίζεται
2724 4238 2776 4299 [ἡ
2813 4237 2973 4287 εἰκών·

1816 4339 1871 4371 or
1911 4322 2142 4386 perhaps,
2190 4318 2215 4367 ό
2262 4320 2598 4381 ἅναληφθείςΓ
2651 4323 2700 4368 ἓν
2745 4320 2833 4378 μὲν
2874 4320 2975 4382 ’γὰρ

1816 4404 1991 4453 λοιπὸν
2048 4403 2105 4451 τό
2159 4401 2340 4461 ἀξίωμα
2396 4402 2481 4459 τῆς
2557 4398 2734 4450 εἰκόνος
2767 4404 2840 4449 καί
2887 4403 2976 4451 τοῦ

1820 4486 1997 4543 ταύτην
2031 4486 2426 4544 προστησαμένου
2458 4482 2583 4539 θεοῦ,
2608 4482 2690 4540 μία
2718 4483 2768 4530 δὲ
2790 4478 2972 4542 α’μφοΐν
