3293 5233
336 403 427 468 11.
461 402 549 488 8.]
1056 417 1140 470 m
1186 418 1293 470 ΕΡ.
1340 417 1444 469 AD
1488 417 2038 471 PHILIPPENSES.
2622 419 2754 487 2¹9

334 588 518 652 uisus
565 595 667 653 est
711 588 1048 666 edixisse3
1092 588 1161 653 in
1206 589 1768 673 subsequentibus
1805 608 1965 654 uero
2005 587 2092 653 ad
2134 586 2247 652 illa
2273 587 2537 665 -transit,
2580 605 2755 671 quae

332 687 667 753 humanae
697 700 979 774 possunt
1008 692 1224 774 aptari
1256 700 1532 756 naturae
1560 716 1574 756 ε

445 839 680 922 factus
706 840 1029 904 oboediens
1056 861 1252 924 usque
1277 840 1375 904 ad
1396 850 1682 918 mortem,
1711 850 1979 906 mortem
2007 850 2223 905 autem
2251 840 2476 905 cmc-115.

465 964 552 1029 de
610 964 883 1030 homine
952 967 1223 1050 quidem
1286 969 1657 1032 condecent
1717 976 1792 1032 ut
1866 967 1995 1032 ista
2069 967 2414 1045 dicantur;
2489 965 2756 1031 diuinae

334 1077 559 1132 autem
584 1079 858 1133 naturae
883 1090 1304 1153 nequaquam
1337 1071 1551 1154 aptari
1582 1079 1863 1154 possunt
1893 1071 2037 1137 ista.
2106 1091 2231 1135 nec
2261 1071 2437 1135 enirn
2470 1081 2754 1137 mortem

335 1169 478 1252 pati
537 1181 775 1236 natura
835 1171 949 1235 illa
1008 1182 1248 1255 potest,
1311 1193 1483 1255 quae
1543 1183 1612 1238 et
1672 1182 2008 1237 mortuum
2061 1174 2379 1238 suscitare
2430 1175 2754 1257 promisit,

337 1271 680 1336 euidenter
721 1272 1017 1337 Domino
1052 1274 1196 1357 ipso
1242 1275 1548 1339 dicente:
1588 1275 1816 1339 soluite
1859 1276 2160 1359 templum
2200 1275 2325 1352 lzoc,
2354 1286 2416 1340 et
2446 1276 2517 1339 in
2549 1276 2759 1340 tribus

336 1372 556 1437 diebus
598 1376 912 1440 suscitabo
963 1376 1143 1440 illud.
1233 1387 1302 1441 et
1358 1377 1759 1442 solutionem
1825 1379 2095 1462 quidem
2156 1379 2414 1463 templo
2474 1383 2755 1464 aptauit,

335 1483 828 1546 resurrectionis
875 1501 1033 1544 uero
1092 1481 1549 1564 operationem
1611 1482 1738 1546 sibi
1813 1484 2088 1565 aptauit.
2176 1484 2406 1547 statim
2468 1483 2534 1546 in
2611 1486 2757 1567 ipso

336 1587 663 1670 principio
713 1586 985 1649 dicens:
1047 1585 1118 1649 in
1171 1584 1428 1651 Christo
1460 1585 1625 1662 Iesu,
1669 1585 2088 1668 singulariter
2129 1596 2196 1650 et
2245 1596 2319 1650 ut
2360 1589 2564 1651 moris
2614 1599 2756 1654 erat

340 1689 426 1752 de
472 1709 604 1753 una
648 1709 931 1771 persona
976 1688 1219 1765 dicenS,
1267 1688 1548 1752 duarum
1595 1696 1663 1751 et
1709 1689 2041 1752 rationum
2087 1699 2494 1753 memoratus
2542 1699 2644 1755 est
2689 1700 2758 1755 et

341 1799 742 1868 naturarum,
769 1791 1024 1855 dicens:
1053 1791 1170 1874 qui
1189 1790 1503 1872 informa
1521 1789 1654 1853 Dei
1671 1800 1917 1854 extans.
1932 1839 1946 1853 .
1962 1791 2270 1872 ,sormam
2289 1791 2469 1855 serui
2484 1794 2758 1877 accepit,

338 1894 683 1957 euidenter
739 1892 921 1957 aliud
981 1893 1161 1976 quod
1222 1893 1450 1956 dicens
1510 1893 1640 1957 Dei
1702 1891 2003 1969 formam,
2060 1891 2238 1956 aliud
2288 1894 2492 1957 etiam
2540 1896 2758 1972 serui;

340 1994 501 2058 illud
549 1997 819 2079 quidem
850 2004 1190 2079 sumptum
1234 1995 1478 2071 dicens,
1511 1994 1689 2058 hunc
1726 2015 1884 2058 uero
1927 2003 2320 2058 sumentem.
2412 2004 2485 2059 ut
2530 2005 2755 2058 autem

339 2101 578 2164 diuisio
619 2100 785 2166 haec
826 2101 1154 2164 dictorum
1194 2121 1328 2163 non
1373 2099 1660 2163 alterum
1704 2096 1996 2180 aliquem
2050 2098 2136 2161 ad
2178 2097 2451 2182 plenum
2499 2107 2760 2181 praeter

342 2200 681 2266 Christum
756 2203 956 2267 saciat
1031 2202 1341 2285 intellegi,
1417 2202 1590 2265 serui
1668 2199 1951 2263 sormam
2026 2201 2377 2283 unicuique
2451 2199 2754 2263 reddidit.

338 2309 703 2372 secundum
753 2317 827 2372 ut
868 2317 935 2372 et
982 2309 1048 2370 in
1090 2316 1406 2391 promptu
1450 2304 1735 2389 perspici
1779 2303 2009 2386 possit,
2044 2302 2206 2366 illud
2254 2301 2528 2387 quidem
2574 2303 2755 2386 quod

676 2522 695 2557 ι
735 2508 918 2560 dixisse
941 2526 974 2558 r
1315 2525 1367 2560 11
1406 2509 1646 2560 rationem
1679 2510 1724 2559 C
1735 2509 1802 2558 H
1810 2507 1874 2573 νΙ
1905 2516 1955 2559 et
1980 2509 2090 2571 (bis)
2112 2524 2189 2558 om
2218 2509 2262 2558 C
2281 2509 2432 2569 (corr)

409 2709 452 2760 7.
495 2696 684 2756 soluite,
711 2695 827 2757 δια]
885 2697 936 2746 S.
963 2694 1101 2759 John
1123 2696 1176 2745 ii.
1208 2712 1280 2759 ¹4-
1349 2695 1495 2747 With

340 2778 427 2829 the
460 2780 837 2843 interpretation
871 2780 929 2827 os
956 2778 1054 2827 this
1082 2787 1185 2828 text
1207 2779 1326 2828 here
1347 2780 1496 2843 given

341 2876 506 2923 comp.
548 2861 633 2909 the
671 2859 930 2923 following
968 2859 1210 2923 fragment
1257 2859 1317 2908 of
1353 2855 1495 2908 Th.’s

340 2942 540 3009 treatise
576 2954 642 2989 on
679 2940 764 2990 the
804 2941 1139 2996 Incarnation,
1188 2940 1397 2997 Sachau,
1443 2955 1495 3004 p.

346 3044 487 3096 aa
538 3044 677 3109 (ωε
751 3027 934 3125 Ἀ
971 3051 1100 3115 oq:
1159 3026 1507 3097 voi-m<

345 3166 477 3232 060
515 3161 876 3233 roim«
924 3153 1316 3250 tribu-9³³
1359 3162 1491 3228 neb

345 3291 757 3368 ..mohs-2«
792 3291 978 3365 0030
1085 3314 1492 3382 qna-4:0³

345 3431 475 3502 od:
543 3415 837 3501 ..Kana
877 3426 1159 3502 ‹eain-³
1193 3411 1494 3514 «χίλιαι

345 3548 665 3639 &tn-Re<
716 3546 866 3656 ega-S
932 3584 1318 3653 Ῥ-ι-Ω-Ἇπ
1385 3586 1495 3665 (οδ

1204 3676 1498 3762 ,xenia

414 3841 486 3877 11.
536 3826 594 3874 de
614 3841 721 3874 una
743 3823 977 3889 persona]
1044 3824 1227 3887 Comp.
1254 3822 1339 3872 the
1372 3822 1501 3885 frag-

343 3925 479 3966 ment
502 3916 553 3965 in
578 3916 766 3979 Migne,
796 3917 886 3979 981
915 3913 1151 3976 [Sachau,
1178 3928 1228 3976 p.
1258 3909 1502 3974 -2—(43)]=

343 4014 460 4062 ὅταν
491 4013 544 4061 δὲ
577 4011 693 4072 πρός
723 4009 812 4069 τήν
833 4011 1000 4058 ἕνωσιν
1023 4010 1082 4069 (s.
1108 4007 1400 4067 συνάφειανε
1435 4005 1499 4053 cs.

343 4096 402 4144 ib.
438 4093 611 4159 supra)
648 4091 1022 4153 ἅποβλέψωμεν,
1062 4089 1176 4138 τότε
1209 4091 1260 4137 ἐν
1293 4091 1411 4138 εἶναι
1443 4086 1500 4140 τὰ

345 4174 603 4236 πρόσωπον
647 4176 795 4234 ἄμφω
836 4168 924 4221 τὰς
969 4169 1136 4232 φύσεις
1191 4169 1499 4233 κηρύττομεν.

342 4257 462 4306 And
507 4255 593 4305 the
645 4253 974 4303 Theodorean
1029 4250 1240 4300 ecthesis
1284 4251 1498 4313 (Migne,

350 4330 648 4397 1017—20):
684 4332 794 4379 οὔτε
823 4325 905 4379 δύο
927 4330 1087 4390 φαμὲν
1121 4330 1247 4377 υἱοὺς
1279 4326 1389 4377 οὔτε
1421 4325 1504 4377 δύο

343 4416 678 4478 κυρίους...ἔνα
699 4414 853 4463 τοίνυν
872 4408 957 4460 τὸν
978 4410 1133 4474 κύριον
1152 4412 1503 4472 φαμὲν...πρω-

345 4494 560 4546 τοτύπως
591 4496 678 4553 μὲν
709 4489 792 4542 τᾶν
825 4488 934 4541 θεὸν
970 4489 1121 4554 λόγον
1154 4492 1384 4549 νοοῦντες,
1423 4488 1506 4537 τὸν

1595 2694 1703 2747 κατ’
1740 2697 1906 2746 οὐσίαν
1949 2696 2049 2746 υῑόν
2085 2693 2194 2745 θεοῦ
2234 2698 2313 2746 καὶ
2350 2694 2525 2759 κύριον,
2565 2715 2756 2747 συνεπι-

1597 2775 1809 2827 νοοῦντες
1832 2778 1884 2825 δὲ
1905 2773 1963 2825 τὸ
1984 2778 2186 2837 ληφθέν,
2207 2774 2399 2835 Ἰησοῦν
2418 2777 2502 2825 τόν
2521 2775 2625 2826 ἀπὸ
2655 2778 2701 2825 N
2703 2796 2757 2827 α-

1598 2860 1758 2924 ζαρέτ.
1842 2858 2106 2908 Facundus
2130 2859 2217 2922 (ix.
2244 2860 2294 2921 3)
2317 2858 2408 2909 has
2431 2860 2692 2925 preserved
2726 2876 2758 2909 a

1597 2937 1865 2987 vehement
1885 2938 2167 2987 disclaimer
2198 2937 2267 3000 by
2288 2939 2553 2987 The-odore
2587 2940 2646 2989 os
2671 2938 2756 2989 the

1596 3021 1821 3071 doctrine
1859 3021 1920 3070 of
1949 3037 1980 3069 3
2013 3018 2132 3068 dual
2166 3020 2364 3068 Christ:
2402 3019 2546 3070 “hoc
2581 3028 2757 3085 putare

1595 3110 1846 3151 extremae
1870 3108 1944 3150 est
1974 3099 2271 3149 amentiae.’'
2340 3100 2436 3149 See
2466 3108 2580 3150 next
2606 3117 2749 3166 page,

1596 3186 1628 3235 1.
1658 3200 1708 3233 ιι
1730 3199 1801 3249 sq.
1866 3183 1949 3232 On
1975 3197 2115 3231 mem.
2144 3188 2214 3230 est
2234 3180 2297 3230 cf.
2319 3182 2540 3241 Ronsch,
2566 3198 2617 3247 p.
2639 3198 2753 3246 373.

1669 3259 1742 3311 16.
1790 3260 1926 3308 serui
1953 3259 2182 3322 sormam
2220 3258 2488 3322 unicuique
2524 3259 2756 3322 reddidit]

1593 3344 1804 3409 Jacobi:
1845 3342 2126 3407 “equidem
2157 3340 2322 3405 potius
2357 3343 2754 3405 expectauerim:

1605 3427 1673 3475 ‘S.
1702 3425 1733 3474 f.
1763 3425 1861 3474 uni
1884 3423 2084 3473 Christo
2109 3421 2361 3472 reddidit-⁹
2421 3423 2557 3486 quod
2591 3422 2753 3473 sbim-

1597 3509 1899 3576 probaueris,
1925 3509 2171 3573 intelliges
2195 3509 2437 3558 rationem
2461 3510 2757 3561 uerborum:

1607 3594 1809 3641 ‘omnes
1830 3590 2034 3655 quidem
2057 3605 2311 3639 seruorum
2331 3590 2513 3639 formas
2536 3598 2586 3639 et
2615 3607 2756 3656 prae·

1601 3684 1739 3725 terea
1775 3674 1899 3724 nihil
1937 3674 2169 3733 tenuisse,
2209 3673 2465 3723 Christum
2501 3689 2622 3723 uero
2653 3689 2758 3724 non

1601 3756 1762 3805 solum
1808 3756 1972 3811 istam,
2017 3755 2107 3804 sed
2150 3754 2301 3804 etiam
2346 3755 2569 3804 diuinam
2613 3764 2756 3804 natu-

1602 3852 1709 3884 ram
1754 3833 2069 3885 habuisse.'”
2165 3835 2192 3883 I
2243 3834 2436 3885 believe
2492 3836 2599 3885 that
2654 3835 2754 3886 Th.

1603 3927 1759 3967 wrote
1802 3915 1894 3976 τήν
1934 3916 2022 3965 τοῦ
2063 3914 2235 3965 δούλου
2277 3916 2467 3977 μορφὴν
2511 3917 2761 3978 ἑκατέρᾳ

1601 3998 1844 4050 ἀπέδωκεν
1863 4014 1921 4047 or
1942 3998 2028 4047 the
2057 3998 2177 4055 like,
2207 3998 2308 4047 and
2343 3999 2449 4047 that
2483 3999 2567 4048 the
2601 4007 2758 4049 trans·

1601 4081 1732 4129 lator
1753 4079 1844 4128 has
1866 4079 1986 4128 read
2008 4076 2193 4140 ἑκάστῃ
2225 4079 2300 4127 sor
2333 4079 2468 4129 ἑκατ.
2498 4086 2597 4143 ptr
2616 4079 2757 4129 incu-

1601 4161 1754 4209 riam.

1675 4257 1749 4305 ¹7·
1781 4243 2044 4291 secundum
2069 4248 2140 4298 ut,
2164 4241 2280 4303 δια]
2313 4242 2424 4292 The
2442 4257 2583 4291 sense
2600 4257 2762 4293 seems

1603 4332 1658 4373 to
1680 4325 1745 4373 be
1766 4342 1779 4373 ε
1812 4329 1824 4351 ‘
1841 4324 1966 4373 This
1989 4325 2030 4373 is
2051 4325 2185 4373 clear
2201 4324 2326 4372 from
2352 4341 2382 4373 3
2404 4326 2587 4375 caresul
2611 4328 2762 4391 study

1603 4406 1664 4455 of
1691 4407 1774 4455 the
1814 4421 2022 4471 passage
2061 4404 2206 4454 itself.
2274 4406 2385 4455 The
2424 4407 2586 4455 words
2624 4409 2674 4457 ὃς
2712 4410 2763 4456 ἐν

1603 4485 1769 4549 μορφῇ
1794 4489 1901 4537 θεοῦ
1910 4489 2052 4537 ...ἴσα
2075 4486 2169 4547 θεῷ’
2190 4495 2261 4537 set
2291 4488 2420 4538 forth
2457 4489 2541 4539 the
2575 4489 2764 4540 Divine

2795 1601 2872 1649 10
