3293 5233
310 383 355 448 1.
388 384 473 472 6.]
1144 403 1226 454 IN
1275 404 1379 456 ΕΡ.
1427 405 1531 455 AD
1577 403 1928 457 GALATAS.
2674 403 2719 469 9

306 583 427 638 tem
470 574 754 649 suadere
799 573 928 643 illis
965 575 1079 660 qui
1110 574 1276 641 haec
1317 577 1729 643 incessanter
1762 598 2133 663 proponere
2182 576 2719 660 adtemptabant2

303 678 597 743 dicentes
644 678 962 764 quoniam
1010 680 1178 744 ‘Dei
1239 690 1342 746 est
1388 681 1539 747 lex.’
1628 683 2031 748 ostendebat
2090 682 2271 746 enim
2317 681 2721 746 sufficienter

303 783 617 866 quoniam
650 783 1090 847 necessarium
1125 793 1227 848 est
1258 785 1324 849 in
1371 784 1476 850 his
1504 806 1946 870 perseuerare,
1976 805 2151 868 quae
2180 784 2306 848 sub
2341 784 2718 849 differentia

304 885 586 950 multum
633 886 974 970 superiora
1010 907 1157 952 esse
1199 887 1331 972 legi
1374 889 1943 969 ostendebantur;
2007 890 2193 954 Deus
2240 889 2417 953 enim
2461 889 2555 953 sic
2602 888 2717 953 illa

303 985 512 1051 uoluit
556 986 714 1061 fieri,
757 1008 840 1052 eo
879 989 1063 1071 quod
1109 998 1178 1054 et
1219 990 1457 1054 melius
1501 991 1777 1075 quidem
1809 992 2004 1057 nobis
2050 991 2191 1056 fieri
2232 990 2713 1073 comprobauit.
2788 1003 2820 1070 5

303 1084 484 1167 haec,
530 1096 606 1152 ut
650 1089 818 1166 dixi,
863 1091 1214 1155 coniunxit
1255 1091 1352 1156 illi
1394 1092 1671 1157 dictioni
1712 1115 1865 1177 qua,
1893 1093 2104 1160 dixit:
2151 1093 2388 1176 gratia
2431 1092 2613 1156 uobis
2653 1102 2718 1155 et

287 1199 428 1271 pax
467 1211 510 1254 a
552 1190 691 1255 Deo
718 1202 917 1274 patre
957 1203 1172 1258 nostro
1211 1204 1277 1259 et
1310 1195 1571 1260 domino
1609 1196 1759 1261 Iesu
1805 1195 2078 1263 Christo.
2166 1195 2349 1279 quod
2395 1196 2600 1260 etiam
2643 1204 2713 1259 et

301 1302 756 1376 competenter
785 1298 1336 1379 praecedentibus
1370 1299 1608 1366 iunxit.
1660 1301 1912 1385 -inci‘pit
1943 1321 2102 1365 uero
2140 1301 2209 1364 in
2249 1299 2713 1382 subsequenti·

302 1401 426 1464 bus
456 1402 661 1467 uerba
690 1402 779 1468 ad
812 1425 926 1468 eos
958 1404 1390 1488 depromere:

426 1519 638 1587 mir'or
678 1524 856 1606 quod
891 1524 988 1588 sic
1033 1525 1156 1588 cito
1208 1527 1705 1609 transferimini
1750 1529 1835 1593 ab
1885 1550 1953 1593 eo
1998 1529 2118 1612 qui
2161 1528 2422 1593 uocauit
2462 1547 2578 1592 uos
2639 1527 2710 1593 in
2748 1548 2827 1596 10

289 1625 585 1707 gratiam
620 1624 887 1704 Christi,
920 1627 993 1691 in
1020 1627 1219 1693 aliud
1238 1630 1664 1713 euangelium.

425 1747 826 1811 conueniens
874 1748 1272 1832 principium
1333 1749 1618 1813 nouitati
1680 1748 2051 1828 sactorum;
2116 1749 2214 1814 sic
2260 1749 2439 1814 enim
2487 1753 2712 1833 posuit

298 1849 515 1929 miror,
546 1852 737 1935 quasi
768 1852 927 1935 quia
956 1860 1025 1917 et
1055 1874 1159 1917 res
1189 1853 1449 1931 accidit,
1481 1874 1657 1936 quae
1700 1872 2066 1936 numquam
2110 1853 2249 1917 fieri
2291 1853 2708 1918 credebatur.

295 1954 545 2019 alienos
576 1955 754 2019 enim
786 1976 1004 2020 mores
1035 1965 1104 2021 et
1141 1957 1658 2021 consuetudines
1700 1956 2027 2020 habemus
2064 1956 2394 2021 demirari.
2485 1956 2604 2020 sed
2639 1964 2709 2021 et

296 2067 456 2142 †per
511 2060 774 2143 singula
831 2062 1037 2126 verba
1095 2063 1290 2127 auxit
1350 2061 1680 2145 illici[tum
1735 2060 2269 2136 transductioniS,
2314 2060 2411 2124 sic
2463 2060 2710 2137 dicens,
2747 2080 2816 2146 15

297 2161 475 2242 quod
522 2162 802 2226 multam
862 2162 1067 2228 habet
1124 2165 1616 2243 ostensionem;
1681 2164 2093 2247 coniungens
2137 2174 2207 2229 et
2252 2163 2345 2228 illi
2388 2162 2559 2247 ci]t0.
2641 2173 2710 2227 et

297 2264 454 2346 quia
499 2265 744 2330 adiecit
794 2266 1300 2348 transferimini,
1346 2288 1479 2331 non
1525 2268 1706 2341 dixit
1752 2268 2274 2346 transducimini,
2328 2269 2447 2332 sed
2493 2279 2710 2332 trans-

410 2503 517 2571 διά
547 2504 810 2573 πάντων
837 2507 1112 2590 ηὔξησεν
1132 2506 1249 2589 τὴν
1271 2506 1551 2574 ἀτοπίαν
1571 2510 1687 2590 τῆς
1714 2510 2105 2591 μεταβολῆς·
2137 2507 2211 2575 τὸ
2236 2508 2466 2583 οὕτως
2488 2510 2708 2591 εἰπών,

294 2607 559 2692 πολλὴν
616 2608 768 2699 ἔχον
818 2610 935 2696 τὴν
992 2610 1272 2696 ἔνδειξιν·
1317 2612 1426 2679 καὶ
1477 2611 1554 2680 τὸ
1601 2613 1895 2704 ταχέως
1949 2612 2389 2704 ἐπισυνάψας.
2476 2616 2584 2683 καὶ
2636 2614 2711 2684 τὸ
2786 2675 2797 2682 .

289 2712 798 2795 μετατίθεσθε
827 2713 1315 2803 προστεθεικώς,
1345 2713 1419 2782 οὗ
1458 2713 1903 2798 μετάγεσθε·
1933 2714 2018 2788 ὥς
2049 2714 2161 2781 ἐπὶ
2189 2713 2480 2806 ἀψύχων
2508 2719 2712 2803 φησὶν
2739 2740 2825 2789 20

290 2816 816 2897 μετατίθεσθε.

394 2993 414 3029 1
452 2978 681 3030 suaderet
703 2980 771 3029 H
976 2996 1004 3030 ⁴2
1039 2981 1367 3031 ostendebant
1389 2981 1457 3031 Η
1631 2979 1664 3030 6
1697 2981 1770 3030 illi
1793 2981 1912 3031 dict.
1937 2997 1989 3046 q.
2012 2981 2064 3031 d.
2087 2998 2165 3032 om
2189 2983 2257 3032 H
2445 2995 2475 3047 7
2497 2992 2638 3049 patre
2659 2993 2712 3037 et

288 3060 427 3110 dom.
451 3070 622 3111 nostro
650 3063 694 3112 C
902 3063 933 3111 8
968 3062 1126 3112 iunxit
1142 3079 1219 3111 om
1249 3064 1293 3113 C
1523 3075 1579 3123 14
1614 3062 1803 3112 alienas
1825 3064 1870 3113 C
1886 3064 1952 3113 H
1966 3063 2209 3125 [Ronsch,
2228 3082 2255 3124 4
2265 3079 2360 3128 34;
2396 3066 2594 3131 Bensly,
2631 3069 2711 3131 18]

293 3156 371 3204 15,
406 3141 464 3191 16
497 3143 599 3193 illic
622 3143 722 3193 cito
741 3145 785 3194 C
803 3144 871 3193 Η
883 3144 1031 3204 (corr)
1058 3142 1163 3208 (H'
1187 3142 1280 3209 illi)
1309 3142 1318 3208 Ι
1348 3150 1400 3194 at
1420 3159 1550 3209 quae
1578 3145 1622 3194 C
1649 3145 1798 3207 (corr)
2025 3157 2079 3208 17
2114 3145 2237 3194 dicit
2259 3146 2287 3195 b
2307 3147 2334 3194 l
2553 3151 2610 3198 18
2633 3165 2708 3214 sq.

287 3225 445 3276 Coisl.
477 3240 571 3287 204
594 3226 629 3275 s.
656 3239 683 3289 7
706 3227 743 3275 b
766 3226 874 3289 [Cr.
899 3227 965 3276 vi.
1001 3225 1076 3287 16,
1106 3226 1189 3277 Fr.
1225 3226 1352 3290 1231.
1556 3226 1799 3287 θεόδωρος.
1857 3226 2007 3276 ἄλλος
2032 3227 2085 3275 δὲ
2107 3227 2259 3276 πάλιν
2290 3224 2438 3279 οὕτως
2467 3229 2711 3291 ἐρμηνεύει

286 3308 355 3358 τὰ
389 3309 628 3370 εἰρημένα·
671 3309 751 3358 διὰ
782 3306 994 3370 πάντων,
1039 3308 1209 3371 nauh-J
1412 3323 1469 3373 19
1504 3308 1637 3370 εἶχον
1660 3307 1742 3357 Cr.

1548 3445 1635 3496 the
1653 3445 1916 3510 rendering
1931 3444 2157 3494 dicentum
2169 3466 2213 3488 =
2226 3441 2423 3506 ἀτοπία,
2439 3446 2604 3498 which
2617 3449 2710 3498 has

1548 3529 1677 3578 been
1700 3528 1948 3578 hazasded
1971 3545 2026 3579 as
2048 3529 2345 3593 accounting
2359 3530 2435 3580 sor
2456 3530 2541 3581 the
2559 3532 2707 3583 omis·

286 3447 389 3496 See
424 3446 531 3496 also
562 3447 647 3497 Cr.
675 3445 741 3497 vi.
781 3463 869 3512 pp.
912 3464 986 3509 11,
1026 3449 1375 3498 12.-uolentes
1406 3448 1449 3498 is

284 3529 536 3594 probably
557 3545 589 3579 a
610 3530 885 3579 correction
908 3529 984 3579 sor
1005 3530 1090 3580 the
1112 3531 1255 3594 sing„
1282 3530 1448 3580 which

284 3627 393 3660 was
414 3619 503 3662 not
526 3612 860 3670 understood;
894 3611 958 3663 cs.
981 3614 1286 3663 ostendebant
1313 3614 1441 3676 (Η),

285 3707 337 3756 p.
369 3707 416 3758 9,
445 3693 478 3743 l.
511 3708 555 3743 α.

353 3771 404 3822 6.
470 3780 530 3822 ut
547 3773 685 3837 diri]
751 3772 949 3834 Above,
974 3788 1023 3838 p.
1055 3784 1101 3835 5,
1126 3772 1160 3824 l.
1191 3783 1237 3835 5.

359 3865 436 3904 ια.
491 3853 1140 3919 conuenans...credebatur]
1175 3855 1439 3917 Lansmnc,

286 3937 483 3987 Robert
507 3936 566 3986 os
590 3937 924 4001 Bridlington.

359 4035 436 4082 ¹4·
501 4019 732 4068 habemus
768 4018 1028 4081 demiran]
1083 4018 1181 4073 See
1222 4019 1439 4079 Ronsch,

278 4103 438 4162 Itala,
464 4118 550 4167 pp·
581 4114 790 4168 447—9·

358 4197 432 4246 15.
495 4193 592 4249 per
622 4185 747 4249 sing.
779 4185 926 4234 uerba
956 4184 1124 4247 auxit]
1190 4184 1303 4234 The
1340 4184 1442 4236 Gk.

277 4265 450 4315 shews
464 4265 573 4315 that
595 4280 626 4314 a
641 4265 823 4322 clause,
842 4264 1089 4330 probably
1105 4280 1135 4312 a
1152 4264 1270 4321 line,
1285 4263 1342 4314 of
1359 4264 1444 4314 the

277 4349 483 4398 version
510 4349 601 4398 has
635 4348 785 4413 dropt
824 4355 912 4397 out
945 4346 1071 4396 after
1102 4347 1261 4394 auxit.
1330 4346 1443 4396 The

275 4431 556 4481 bracketed
569 4432 864 4479 restoration
882 4430 923 4479 is
937 4428 1093 4478 based
1110 4445 1175 4478 on
1194 4428 1277 4480 the
1292 4444 1443 4493 usage

1548 3610 1659 3659 sion
1682 3610 1741 3660 os
1758 3610 1842 3660 the
1865 3611 1984 3660 line.

1613 3693 1675 3741 In
1710 3692 1845 3742 what
1879 3693 2093 3754 sollowS,
2131 3692 2175 3742 is
2201 3709 2277 3744 we
2310 3710 2427 3760 may
2464 3703 2587 3746 trust
2621 3698 2708 3748 the

1547 3782 1740 3835 catena,
1784 3790 1875 3824 our
1919 3776 2188 3825 translator
2225 3777 2413 3826 desei-ts
2459 3777 2545 3828 the
2589 3795 2704 3828 con-

1546 3856 1788 3907 struction
1836 3856 1897 3905 os
1935 3856 2021 3906 the
2058 3856 2242 3917 Greek,
2285 3857 2449 3907 which
2488 3862 2707 3924 requires

1553 3939 1656 3988 “et
1715 3939 1833 4004 quia
1889 3938 2073 3988 adiecit
2131 3938 2541 3988 ‘transferimini’
2602 3956 2706 3990 non

1547 4023 1564 4047 ‘
1580 4020 1996 4081 transducimini,'
2034 4022 2176 4087 quasi
2222 4021 2275 4071 in
2318 4022 2570 4072 exanimes
2612 4023 2703 4072 ali·

1545 4121 1672 4170 quos
1713 4105 2120 4155 ‘transferimini‘
2159 4103 2340 4155 dixit.”
2409 4106 2460 4154 It
2502 4105 2605 4154 will
2638 4106 2704 4157 be

1545 4187 1788 4236 observed
1822 4187 1930 4236 that
1954 4186 2050 4236 Th.
2079 4192 2232 4236 treats
2251 4187 2572 4245 μετατίθεσθε
2593 4203 2648 4238 as
2670 4204 2703 4237 a

1543 4269 1740 4332 passive
1759 4283 1773 4328 ;
1809 4267 1869 4317 cs.
1897 4269 2073 4331 Meyer
2096 4268 2196 4316 and
2222 4267 2426 4317 Ellicott
2449 4269 2523 4316 ad
2538 4268 2589 4316 Ιι.
2614 4270 2649 4320 Ι.

1614 4361 1689 4411 17.
1762 4363 1864 4397 non
1890 4348 2020 4396 dixit
2106 4352 2153 4394 el
2170 4363 2201 4394 a
2225 4346 2348 4407 Deo]
2417 4346 2664 4398 Lansranc
2686 4368 2699 4400 τ

1550 4431 1579 4455 “
1598 4445 1699 4478 non
1732 4430 1854 4478 dicit
1950 4428 2091 4493 quasi
2126 4444 2206 4477 ex.
2234 4428 2429 4492 aliquos
2459 4436 2508 4477 et
2532 4430 2617 4493 qui

274 4514 343 4565 of
376 4530 470 4563 our
501 4514 782 4574 translator,
820 4512 943 4563 with
974 4511 1061 4562 the
1095 4510 1356 4575 exception
1390 4510 1450 4560 of
1540 4512 1778 4565 habeant.
1821 4512 1948 4563 abeo
1967 4512 2058 4577 qui
2077 4527 2179 4562 uos.
2224 4518 2397 4562 utnon
2415 4510 2699 4564 uiderentur
