3293 5233
351 423 624 508 1V·²4]
1143 434 1228 487 m
1279 437 1382 488 ΕΡ.
1431 436 1534 487 AD
1579 437 1935 489 GALATAS.
2675 434 2753 502 75

343 605 578 670 uolunt
619 607 840 671 uocari
871 607 1642 692 desipientiam—neque
1682 609 2081 693 paradisum,
2113 607 2514 691 paradisum,
2544 625 2760 688 neque

345 708 707 783 colubrum,
768 709 1113 774 colubrum
1176 732 1321 776 esse
1381 713 1697 776 dicentes,
1804 712 1889 775 ad
1956 731 2124 794 quos
2204 709 2517 773 uolebam
2595 706 2760 772 illud

344 812 578 890 dicere,
632 823 706 877 ut
771 814 1114 879 historiam
1161 815 1673 899 intercipienteS,
1736 814 1909 878 ultra
1955 834 2087 877 non
2146 813 2496 877 habuerint
2555 810 2762 874 histo-

344 918 525 981 riam.
601 916 729 981 hoc
773 928 1000 982 autem
1054 918 1248 995 facto,
1280 920 1506 982 dicant
1560 919 1739 982 unde
1790 916 2040 981 habent
2085 918 2406 991 adserere,
2453 914 2760 996 quisnam

344 1021 595 1103 primus
654 1018 858 1084 homo
919 1021 1131 1085 factus
1193 1021 1340 1086 est?
1428 1030 1545 1086 aut
1604 1022 1946 1104 quomodo
2002 1020 2431 1084 inoboediens
2485 1020 2761 1084 existit?
2833 1024 2866 1092 5

345 1134 460 1188 aut
519 1125 861 1207 quomodo
924 1126 1303 1189 introducta
1363 1136 1463 1189 est
1524 1127 1758 1189 mortis
1819 1124 2196 1188 sententia?
2289 1132 2357 1188 et
2431 1124 2761 1205 siquidem

344 1227 429 1291 de
472 1229 808 1311 scripturis
854 1229 982 1293 ista
1027 1229 1415 1304 didicerunt,
1450 1230 1818 1292 necessario
1864 1228 1978 1292 illa
2018 1248 2192 1311 quae
2231 1226 2318 1291 ab
2360 1227 2485 1290 illis
2523 1227 2765 1290 dicitur

345 1328 661 1411 allegoria
711 1339 814 1392 est
867 1330 1222 1394 manifesta
1274 1331 1689 1414 desipientia,
1736 1331 1894 1412 quia
1949 1338 2017 1394 et
2068 1327 2401 1412 superflua
2456 1349 2601 1392 esse
2645 1348 2764 1411 per

345 1434 572 1496 omnia
623 1433 935 1515 arguitur.
1026 1434 1081 1496 si
1135 1443 1359 1498 autem
1405 1433 1534 1498 hoc
1578 1455 1810 1497 uerum
1857 1442 1977 1510 est,
2022 1443 2091 1497 et
2135 1432 2251 1496 illa
2297 1452 2470 1514 quae
2515 1433 2762 1515 scripta

347 1546 502 1598 sunt
548 1555 680 1598 non
727 1556 943 1599 rerum
988 1545 1328 1617 gestarum
1379 1537 1664 1601 retinent
1698 1537 2162 1610 narrationem,
2195 1534 2375 1598 aliud
2410 1556 2568 1598 uero
2598 1535 2758 1617 quid
2797 1545 2873 1593 10

347 1636 750 1719 profundum
804 1637 1099 1701 indicant
1145 1647 1212 1701 et
1256 1638 1437 1720 quod
1495 1638 1793 1720 intellegi
1839 1637 2102 1713 debeat,
2146 1637 2289 1700 siue
2335 1647 2402 1701 et
2448 1636 2760 1719 spiritale,
2816 1672 2823 1677 -

345 1738 514 1801 sicut
563 1740 685 1822 ipsi
736 1738 970 1803 uolunt
1021 1739 1258 1818 dicere,
1304 1740 1486 1823 quod
1539 1750 1606 1803 et
1657 1739 2256 1822 deprehenderunt,
2291 1747 2526 1821 utpote
2574 1738 2762 1820 spiri—

345 1840 514 1904 tales
545 1843 816 1923 quidam
851 1841 974 1925 ipsi
1005 1844 1413 1921 existentes;
1462 1844 1638 1907 unde
1681 1864 1910 1907 eorum
1943 1865 2102 1926 ergo
2132 1851 2478 1924 acceptam
2510 1840 2760 1905 habent

346 1944 842 2024 cognitionem?
940 1944 1509 2026 quemadmodum
1557 1955 1784 2009 autem
1848 1945 1961 2009 illa
2021 1955 2088 2008 et
2147 1946 2394 2019 dicunt,
2441 1943 2628 2025 quasi
2676 1942 2762 2006 de

347 2047 574 2109 diuina
629 2047 777 2110 ideo
839 2046 1018 2110 docti
1080 2045 1386 2111 locuntur
1438 2047 1812 2130 scriptura?
1901 2058 1969 2112 et
2028 2048 2191 2112 sileo
2253 2048 2514 2111 interim
2576 2046 2757 2118 illud,
2795 2058 2864 2127 15

349 2151 664 2231 quoniam
719 2149 882 2213 haec
931 2170 1083 2213 cum
1128 2151 1221 2214 ita
1269 2172 1340 2214 se
1387 2151 1698 2228 habeant,
1750 2173 1967 2236 neque
2014 2152 2126 2217 illa
2174 2173 2349 2235 quae
2395 2151 2759 2215 secundum

352 2253 686 2318 Christum
749 2263 904 2317 sunt
966 2254 1370 2317 uidebuntur
1427 2276 1562 2337 qua
1632 2257 1888 2320 ratione
1949 2257 2126 2320 facta
2186 2258 2333 2320 sint.
2422 2254 2763 2319 reuocauit

347 2355 545 2434 enim,
579 2357 746 2418 sicut
789 2356 1133 2437 apostolus
1165 2357 1342 2432 dicit,
1380 2358 1944 2423 inoboedientiam
1980 2359 2195 2435 Adae,
2227 2367 2295 2423 et
2340 2357 2570 2421 mortis
2615 2377 2762 2420 sen—

346 2460 628 2523 tentiam
681 2460 899 2523 soluit.
990 2481 1162 2542 quae
1216 2472 1371 2525 sunt
1427 2462 1543 2525 illa
1595 2484 1769 2544 quae
1815 2462 1977 2526 olim
2025 2462 2202 2526 facta
2247 2482 2391 2525 esse
2436 2461 2761 2539 dicuntur,

348 2571 415 2626 et
464 2562 572 2626 ubi
619 2572 774 2626 sunt
820 2562 1045 2630 facta?
1090 2563 1422 2645 siquidem
1463 2563 1741 2630 historia
1786 2586 1960 2648 quae
2005 2566 2091 2630 de
2135 2563 2238 2627 his
2283 2571 2401 2638 est,
2436 2582 2568 2626 non
2615 2562 2760 2639 ista,
2791 2576 2876 2626 20

346 2664 463 2728 sed
496 2664 708 2728 altera
744 2664 966 2747 aliqua
1012 2668 1377 2730 secundum
1427 2687 1541 2730 eos
1586 2667 1935 2750 significat.
2025 2685 2225 2749 quem
2273 2673 2496 2727 autem
2541 2664 2761 2730 locum

347 2767 675 2831 obtinebit
721 2768 1090 2851 apostolica
1135 2771 1380 2834 dictio:
1431 2772 1617 2834 timeo
1661 2782 1877 2835 autem
1923 2792 2003 2834 ne
2039 2773 2208 2834 sicut
2248 2771 2498 2835 coluber
2535 2771 2764 2835 Euam

346 2872 645 2947 sedem't,·
688 2874 743 2935 si
795 2893 1011 2954 neque
1056 2874 1327 2938 coluber
1373 2875 1509 2952 fuit,
1545 2897 1760 2958 neque
1814 2875 1978 2952 Eua,
2011 2896 2226 2957 neque
2266 2875 2568 2938 seductio
2599 2873 2763 2938 alias

350 2994 509 3058 erga
563 2974 750 3037 illum
806 2976 1080 3039 extitit?
1171 2987 1237 3060 et
1293 2977 1519 3041 multis
1575 2979 1640 3040 in
1697 2977 1860 3040 locis
1921 2977 2195 3039 euidens
2257 2985 2359 3038 est
2417 2976 2762 3058 apostolus

351 3076 695 3140 historiam
749 3078 1173 3160 antiquorum
1230 3088 1303 3144 ut
1358 3081 1710 3143 ueritatem
1773 3099 1891 3161 per
1948 3079 2175 3141 omnia
2236 3077 2435 3139 fuisse
2494 3078 2867 3159 abusuS.25

449 3215 476 3263 3
511 3200 828 3250 abuterentur
855 3202 899 3250 C
918 3202 1199 3252 habnterint
1224 3203 1326 3266 (sic)
1351 3205 1417 3252 II
1428 3205 1574 3266 (corr)
1603 3203 1611 3268 Ι
1640 3204 1847 3254 historia
1876 3206 1918 3254 C
1943 3204 2090 3266 (corr)
2283 3217 2313 3266 5
2348 3203 2511 3252 extitit
2532 3203 2601 3252 H
2615 3203 2761 3265 (corr)

356 3296 408 3330 11
448 3282 634 3330 indicat
657 3283 722 3330 H
742 3280 749 3346 Ι
780 3289 829 3330 et
854 3282 959 3344 (bes
967 3283 1111 3347 spir.)
1135 3300 1229 3332 om.
1261 3285 1302 3334 C
1326 3283 1473 3348 (corr)
1818 3302 1874 3334 12
1912 3286 2017 3349 ipse
2045 3282 2116 3334 C*
2469 3299 2527 3346 13
2561 3283 2763 3347 quidem

352 3366 395 3414 C
416 3366 563 3426 (corr)
597 3364 604 3428 Ι
634 3366 764 3414 unde
787 3382 905 3429 ergo
929 3382 1028 3415 eor.
1065 3367 1108 3416 C
1421 3381 1475 3429 15
1512 3369 1632 3417 dum
1658 3369 1760 3432 (ὣν
1779 3369 1933 3429 docti)
1957 3369 2024 3417 H
2345 3365 2405 3416 16
2437 3366 2561 3415 haec
2583 3382 2696 3416 cum
2725 3367 2770 3416 C

354 3459 409 3509 17
445 3454 560 3495 sunt
585 3446 700 3510 (fhr
719 3448 836 3508 sint)
867 3449 909 3497 C
1210 3462 1272 3498 αα
1308 3449 1414 3498 siue
1439 3451 1549 3512 (sbr
1572 3451 1718 3510 sicut)
1748 3452 1793 3500 C
2084 3464 2109 3498 α
2117 3466 2144 3514 3
2180 3449 2285 3498 sine
2310 3449 2417 3514 (fhr
2437 3449 2478 3498 si
2502 3449 2683 3512 neque)
2709 3448 2777 3497 H

350 3542 413 3588 24
445 3541 564 3590 ergo
592 3525 663 3575 C*
861 3543 884 3575 2
893 3540 919 3589 5
955 3527 1111 3592 antiq.
1137 3536 1190 3577 ut
1225 3545 1327 3578 uer.
1351 3533 1669 3594 antiquorum
1697 3530 1798 3593 (sic)
1824 3530 1911 3579 H*
1946 3528 1952 3593 Ι
1982 3530 2152 3579 suisset
2175 3529 2263 3579 H*

421 3646 464 3679 1.
539 3645 689 3694 neque
711 3629 1007 3692 paradisum
1031 3641 1089 3691 p.
1123 3630 1239 3692 δια]
1324 3632 1504 3697 Comp.
1606 3635 1693 3681 τοῦ
1728 3633 1851 3680 αὐτὰ
1895 3634 2184 3694 τροπικῶς
2230 3633 2322 3680 διὰ
2360 3632 2640 3692 δοκούσης
2680 3632 2765 3680 10-

350 3710 490 3775 Orig.
527 3713 583 3760 in
621 3713 739 3759 Gen.
774 3712 822 3760 ii.
861 3729 908 3778 9,
947 3715 1064 3762 ὅταν
1097 3716 1508 3775 ἀναγινώσκοντες
1607 3715 1809 3775 τορίας
1859 3716 1953 3766 καὶ
2010 3716 2072 3762 οὐ
2120 3716 2404 3772 σωματικῶς
2446 3714 2769 3776 ’γεγενημένης

350 3791 678 3856 ἀναβαίνωμεν
701 3795 798 3842 ἀπὸ
828 3797 925 3842 τῶν
956 3798 1120 3853 μύθων
1152 3797 1232 3848 καὶ
1265 3793 1348 3853 τῆς
1382 3797 1508 3850 κατὰ.
1604 3798 1800 3857 μηνύειν
1822 3797 1929 3844 τινὰ.
1951 3797 2206 3855 μυστήρια.

349 3876 406 3923 τὸ
437 3875 642 3937 γράμμα
674 3877 889 3936 ἐκδοχῆς,
927 3881 1142 3940 ζητῶμεν
1171 3880 1277 3926 τίνα
1301 3880 1363 3926 τὰ
1387 3881 1506 3936 ξύλα
1680 3895 1750 3928 12.
1809 3887 1967 3942 utpote
2000 3881 2244 3943 spiritales
2277 3879 2479 3942 quidam
2518 3878 2615 3941 tpsi
2644 3879 2766 3926 exir-

350 3956 480 4006 ἑστὶν
514 3958 669 4006 ἐκεῖνα
703 3956 733 4004 ἅ
770 3958 795 4006 ὀ
828 3960 932 4007 θεὸς
954 3962 1178 4021 γεωργεῖ,
1204 3961 1409 4020 λέγομεν
1431 3961 1504 4008 ὅτι
1604 3960 1770 4020 tentes]
1798 3958 1962 4023 ὥσπερ
1986 3961 2294 4016 πνευματικοί
2315 3976 2437 4008 τινες
2459 3961 2594 4006 αὐτοὶ
2620 3959 2765 4020 ὑπάρ·

348 4042 432 4088 οὐκ
465 4041 532 4087 ἔνι
566 4038 780 4097 αἰσθηταὶ
811 4042 932 4098 ξύλα
966 4042 1014 4088 ἐν
1045 4038 1113 4101 τῷ
1145 4042 1292 4101 τόπῳ.
1325 4042 1386 4088 ib.
1431 4055 1504 4102 15,
1606 4055 1775 4098 χοντες
1800 4037 1874 4100 (Ρ).
1941 4039 2021 4087 Cf.
2048 4057 2094 4103 p.
2128 4055 2204 4102 30,
2236 4039 2268 4086 l.
2296 4059 2341 4099 4,
2372 4046 2502 4087 note.

348 4123 391 4169 οί
416 4118 793 4181 ἀναγεννῶμενοι
817 4122 894 4169 διὸ,
917 4118 1001 4169 τοῦ
1024 4123 1151 4170 θείου
1165 4123 1506 4183 βαπτίσματος
1680 4124 1752 4170 18.
1810 4122 1935 4169 sicut
1955 4128 2036 4184 ap.
2062 4123 2137 4182 d.]
2218 4121 2294 4170 Cs.
2324 4122 2470 4170 Rom.
2500 4138 2547 4170 v.
2585 4124 2658 4180 18,
2686 4138 2759 4186 sq.

349 4207 399 4254 ἐν
419 4205 489 4265 τῷ
513 4204 790 4264 παραδείσῳ
813 4206 1039 4263 τίθενται,
1075 4207 1327 4252 τουτέστιν
1360 4206 1410 4252 ἐν
1444 4201 1507 4265 τῇ
1675 4220 1754 4254 22.
1812 4207 2067 4267 apostolica
2089 4205 2248 4265 dictio]
2309 4221 2333 4253 2
2362 4205 2478 4253 Cor.
2504 4205 2570 4252 xi.
2598 4221 2644 4268 3.

347 4289 598 4347 ἐκκλησίᾳ,
629 4289 768 4335 κ.τ.λ.
842 4287 899 4335 de
923 4289 1084 4349 princ.
1127 4287 1192 4335 iv.
1237 4285 1309 4345 16,
1349 4288 1420 4336 τίς
1454 4287 1506 4334 δὲ
1678 4302 1753 4350 23.
1811 4289 1906 4335 sed.
1931 4288 2060 4335 alias
2080 4303 2194 4348 erga
2219 4286 2385 4347 illum]
2435 4287 2572 4346 Alia,
2606 4287 2764 4340 Pium

349 4369 494 4419 οὕτως
517 4370 697 4429 ἠλίθιος
722 4369 780 4418 ὡς
803 4371 1019 4429 οἰηθῆναι
1049 4371 1225 4433 τρόπον
1259 4371 1507 4430 ἀνθρώπου
1608 4367 1697 4415 but
1741 4367 1953 4431 perhaps
1986 4367 2371 4430 unnecessarily.
2440 4369 2584 4431 Erga
2621 4369 2764 4417 illum

346 4456 565 4516 ’γεωριγοῖῥ
588 4453 672 4500 τὸν
695 4453 801 4499 θεὸν
836 4455 1181 4512 πεφυτευκέναι
1215 4453 1506 4514 παράδεισον
1619 4446 1776 4498 -axar'
1811 4451 1986 4498 ἐκεῖνον
2022 4464 2088 4497 sc.
2116 4450 2197 4498 τὸν
2220 4449 2343 4509 ὄφιν.

348 4542 397 4587 ἐν
434 4537 578 4594 Ἐδέμ
682 4537 762 4582 οὐκ
802 4535 932 4593 οἶμαι
973 4534 1210 4598 διστάζειν
1248 4536 1354 4583 τινὰ.
1398 4534 1505 4593 περὶ
