3293 5233
595 330 718 396 130

1237 326 1694 379 THEODORUS
1742 328 2324 380 MOPSUESTENUS

2784 311 2864 397 [Ι.
2908 331 2998 378 1o.

588 524 829 586 corpus
881 512 1259 585 separatum
1314 502 1712 567 solutionem
1766 504 2132 587 plenariam
2185 505 2572 570 sustinebat.
2680 502 3005 568 dissolue-

589 607 786 671 batur
815 627 974 688 ergo
1005 606 1366 669 secundum
1409 605 1534 670 hoc
1576 617 1914 671 creaturae
1953 608 2305 691 copulatio.

2394 608 2620 672 omnia
2660 627 2822 690 ergo
2861 615 3004 670 tam

589 711 704 775 illa
744 731 916 793 quae
957 710 1023 772 in
1056 709 1257 772 caelis
1302 720 1473 785 sunt,
1520 730 1723 791 quam
1769 731 1941 793 quae
1989 732 2185 794 super
2229 721 2492 789 terram,
2535 708 3002 783 ‘instaurauit,'

594 810 726 889 (uel
789 811 1010 892 potius
1070 811 1627 895 ‘recapitulauit’)
1692 812 1763 875 in
1827 810 2101 889 Christe,
2167 814 2357 896 quasi
2415 814 2757 895 quandam
2818 830 3001 874 com-

526 915 1011 1007 5pendiosam·
1064 915 1564 978 renouationem
1626 925 1695 979 et
1768 918 2398 997 redintegrationem
2471 917 2678 981 totius
2750 915 3003 979 faciens

588 1023 927 1078 creaturae
977 1034 1094 1095 per
1152 1034 1323 1078 eum.

1429 1015 1680 1079 faciens
1739 1018 1916 1079 enim
1980 1020 2430 1100 incorruptum
2490 1038 2728 1100 corpus
2781 1025 2849 1080 et
2901 1017 3001 1078 in-

590 1117 902 1198 passibile
954 1138 1072 1199 per
1131 1119 1692 1193 resurrectionem,
1751 1130 1818 1183 et
1895 1121 2178 1184 reddens
2254 1121 2413 1185 illud
2489 1122 2574 1185 ad
2652 1119 3005 1183 inmortale

590 1238 749 1281 suae
786 1220 1066 1294 animae,
1098 1219 1190 1282 ita
1232 1229 1305 1283 ut
1345 1219 1516 1283 ultra
1548 1222 1631 1283 ad
1675 1221 1833 1284 illud
1867 1223 2156 1303 separari
2194 1242 2326 1285 non
2360 1223 2569 1305 possit
2599 1231 3001 1301 corruptum,

592 1323 937 1386 uniuersae
985 1332 1322 1385 creaturae
1381 1322 1718 1388 uinculum
1780 1325 2110 1389 amicitiae
2170 1327 2350 1390 uisus
2410 1336 2511 1390 est
2569 1327 3000 1389 condonasse.

486 1443 565 1492 10
592 1427 771 1509 quod
823 1437 890 1489 et
939 1426 1150 1490 multo
1203 1427 1490 1509 amplius
1544 1430 1610 1490 in
1666 1427 1814 1511 ipso
1866 1428 2115 1492 sactum
2157 1440 2275 1507 est,
2320 1430 2502 1493 omni
2563 1438 2862 1492 creatura
2910 1426 2996 1490 ad

591 1527 751 1591 illud
786 1549 908 1591 nos
939 1528 1346 1610 inspiciente,
1385 1540 1657 1611 propter
1703 1530 2186 1596 inhabitantem
2234 1532 2458 1595 Deum
2486 1530 2802 1605 Verbum,
2835 1530 3000 1592 dum

591 1631 818 1693 diuina
851 1631 915 1692 in
949 1630 1135 1692 illum
1169 1641 1404 1695 natura
1435 1633 1521 1695 ab
1559 1635 1873 1697 omnibus
1918 1655 2035 1715 per
2074 1633 2245 1697 hanc
2287 1634 2706 1697 existimatur
2745 1630 3002 1695 intueri.

589 1730 763 1793 hanc
824 1731 981 1812 er'go
1041 1732 1621 1813 ‘capitulationem
1683 1734 2019 1799 omnium’
2072 1737 2356 1812 uocauit,
2411 1757 2491 1799 eo
2540 1735 2721 1817 quod
2775 1733 3004 1796 omnia

590 1835 867 1899 collecta
899 1833 1054 1899 sunt
1086 1836 1152 1898 in
1195 1858 1419 1912 unum,
1451 1848 1518 1901 et
1560 1839 1642 1901 ad
1692 1860 1898 1901 unum
1941 1841 2281 1921 quoddam
2330 1838 2703 1922 inspiciunt,
2733 1856 3003 1915 concor-

488 1957 557 2024 15
591 1941 827 2004 dantes
888 1939 1051 2016 sibi;
1124 1959 1203 2001 eo
1264 1941 1441 2022 quod
1503 1939 1676 2004 hanc
1738 1942 2174 2005 intentionem
2234 1942 2394 2005 olim
2457 1942 2712 2024 Opifex
2770 1939 3005 2003 habuit

591 2056 659 2109 et
703 2045 789 2108 ad
849 2042 976 2106 hoc
1036 2045 1263 2107 omnia
1314 2064 1354 2106 a
1407 2043 1731 2125 principio
1783 2045 2175 2120 construxit,
2223 2046 2400 2125 quod
2463 2065 2642 2108 nunc
2704 2042 3005 2127 impleuit

590 2167 744 2210 cum
819 2144 1031 2208 multa
1103 2142 1438 2220 facilitate,
1499 2145 1565 2206 in
1627 2143 1755 2205 illis
1815 2164 1987 2224 quae
2046 2165 2204 2225 erga
2281 2143 2618 2207 Christum
2695 2143 3005 2205 extitisse

589 2249 916 2312 uidentur.

685 2450 716 2498 8
750 2444 934 2511 sperari
963 2445 1008 2493 C
1015 2443 1107 2493 ‘H

588 2527 716 2577 illud
739 2542 830 2576 nos
853 2524 1198 2589 inspicientem
1221 2524 1291 2572 H

656 2708 701 2757 8.
773 2707 845 2754 ad
870 2706 1026 2767 illud]
1097 2706 1241 2755 Read
1286 2706 1504 2771 perhaps
1536 2706 1599 2755 ab
1636 2706 1742 2757 illo.

592 2788 728 2837 Pitra
749 2788 918 2837 would
939 2786 1064 2835 omit
1085 2787 1157 2835 ad
1167 2786 1315 2851 (Spic.
1332 2788 1525 2835 Solesm.
1550 2787 1583 2836 i.
1609 2786 1743 2849 568).

656 2886 704 2934 9.
771 2871 1033 2919 uniuersae
1063 2877 1316 2920 creaturae
1342 2870 1625 2931 duculum]
1662 2869 1746 2919 Cf.

590 2952 686 3001 Th.
718 2969 784 3001 on
810 2954 958 3002 Rom.
991 2953 1023 3001 l.
1054 2970 1114 3012 c.‚
1151 2955 1287 3011 μενεῖ
1311 2955 1402 3012 μὲν
1430 2949 1455 3001 ὅ
1491 2950 1750 3002 καθόλου

593 3036 909 3092 σύνδεσμος
974 3033 1193 3084 διάλυσιν
1255 3034 1473 3094 οὐδεμίαν
1526 3032 1749 3097 ἐπιδεχό-

590 3133 728 3175 μενος
772 3114 858 3165 τοῦ
900 3117 1087 3177 λοιποῦ,
1126 3119 1258 3175 μενεῖ
1299 3119 1355 3167 δὲ
1398 3118 1630 3180 ἄρρηκτος
1670 3119 1749 3166 καὶ

591 3200 658 3258 τῇ
687 3200 839 3247 κτίσει
871 3200 987 3260 πρὸς
1018 3201 1191 3258 ἑαυτὴν
1221 3198 1253 3259 η’
1284 3199 1442 3260 φιλία.
1509 3199 1634 3248 Also
1662 3199 1751 3248 the

593 3280 839 3343 fragment
884 3281 1085 3343 already
1128 3281 1342 3330 referred
1400 3289 1453 3329 to
1497 3280 1548 3328 in
1593 3280 1747 3330 Thdt.

597 3358 797 3424 (quaest.
821 3361 876 3408 in
906 3358 1073 3424 Gen.):
1111 3360 1353 3424 πρόδηλον
1380 3363 1536 3409 τοίνυν
1564 3362 1639 3409 ὅτι
1671 3363 1754 3410 ἕνα

595 3441 775 3499 κόσμον
819 3444 1114 3491 ἀποτελέσαι
1161 3444 1219 3491 τὸ
1268 3446 1463 3501 σύμπαν
1503 3446 1756 3504 βουληθεὶς

597 3523 623 3571 ὁ
654 3523 771 3582 θεός,
813 3526 890 3570 καὶ
923 3525 1093 3572 πᾶσαν
1119 3527 1211 3584 τὴν
1245 3527 1399 3574 κτίσιν
1427 3528 1484 3573 ἐκ
1514 3524 1757 3587 διαφόρων

596 3605 785 3663 φύσεων
830 3600 1216 3653 συστᾶσαν...εἱς
1260 3606 1308 3653 ἔν
1351 3623 1398 3653 τι
1455 3607 1757 3667 συναγαγεῖν

596 3683 849 3742 ἐθελήσας,
869 3680 1129 3741 σύνδεσμον
1151 3682 1375 3734 ἁπάντων
1396 3686 1481 3734 τὸν
1507 3687 1758 3746 ἄνθρωπον

596 3766 964 3823 κατεσκεύασεν,
1017 3767 1179 3814 κ.τ.λ.
1256 3765 1490 3813 Irenaeus
1535 3766 1624 3813 has
1669 3765 1756 3814 the

596 3859 732 3892 same
776 3843 901 3901 idea,
954 3844 1042 3891 but
1087 3843 1212 3892 from
1247 3844 1324 3892 his
1358 3846 1498 3908 point
1533 3846 1591 3894 of
1629 3847 1754 3895 view

598 3926 683 3976 the
723 3926 1043 3974 Incarnation
1081 3926 1123 3974 is
1159 3927 1243 3976 the
1277 3929 1567 3986 vinculum,·
1600 3929 1662 3977 cf.
1682 3929 1752 3978 iii.

599 4024 678 4057 αι.
705 4023 751 4072 9,
785 4023 866 4058 10:
908 4009 1311 4071 “recapitulatur
1332 4009 1499 4058 omnia
1533 3996 1583 4060 in
1619 4027 1673 4061 se
1705 4019 1756 4061 et

597 4090 854 4153 antiquam
905 4089 1286 4153 plasmationem
1336 4091 1387 4139 in
1426 4106 1479 4140 se
1513 4092 1752 4156 recapitu-

596 4172 725 4222 latus
756 4171 880 4228 est‚’'
917 4173 1003 4222 Ere.
1076 4173 1145 4221 So
1181 4173 1475 4222 Severianus
1507 4174 1749 4233 (Cramer,

596 4256 664 4304 vi.
719 4253 853 4318 115):
903 4255 1070 4313 ἐπειδὴ
1109 4256 1283 4303 ἔπεσεν
1327 4252 1352 4301 ὁ
1398 4256 1635 4304 πλασθεὶς
1687 4257 1760 4304 διὰ

597 4339 681 4395 τῆς
712 4339 973 4397 παρακοῆς,
1007 4340 1086 4386 καὶ
1119 4336 1470 4399 ἀσεβησάντων
1497 4337 1760 4400 ἀνθρώπων

601 4413 978 4476 ἀπηλλοτριώθη
1009 4414 1071 4463 τὰ
1107 4413 1357 4478 ἐπουράνια
1387 4417 1483 4462 τῶν
1510 4416 1754 4475 ἐπιγείων,

1003 2245 1132 2308 hoc
1184 2242 1408 2308 a'utem
1471 2246 1538 2307 in
1598 2244 1821 2307 futuro
1871 2244 2136 2306 saeculo
2183 2244 2323 2318 erit,
2371 2242 2642 2324 quando
2693 2240 3004 2305 homines

1346 2460 1417 2503 10,
1452 2460 1472 2492 1
1486 2459 1504 2491 1
1546 2458 1747 2493 omnem
1772 2448 2045 2494 creaturam
2068 2412 2134 2493 ad
2156 2441 2281 2492 illud
2303 2440 2649 2507 inspicientem
2678 2442 2723 2492 C
2762 2456 2811 2491 o.
2836 2456 2905 2490 cr.
2930 2441 2999 2490 ad

1437 2539 1496 2586 14
1529 2523 1713 2574 coliata
1735 2525 1801 2573 H

1847 2708 2030 2757 ἐλθὼν
2050 2705 2205 2758 πάντα
2223 2708 2682 2772 ἅνεκεφαλαιώσατο
2699 2708 2873 2776 (citing
2889 2709 3004 2762 Col.

1845 2788 1879 2837 i.
1906 2787 2004 2852 20).
2593 2833 2601 2839 .

1918 2883 1989 2919 ιο.
2056 2871 2196 2919 omni
2252 2879 2480 2920 creatura
2542 2871 2841 2936 inspicimte]
2908 2871 3006 2922 See

1848 2966 1927 2999 vv.
1957 2951 2012 3000 ll.
2037 2953 2136 3002 and
2160 2952 2222 3002 cf.
2248 2970 2297 3018 p.
2334 2969 2439 3016 153,
2467 2954 2502 3003 1.
2536 2967 2609 3016 15.
2681 2955 2847 3003 Pitra:
2879 2955 3004 3003 “di-

1846 3049 1983 3084 ceroe
2012 3035 2093 3084 hic
2124 3051 2231 3084 esse
2260 3036 2512 3100 quoddam
2547 3035 2829 3085 absolutum
2862 3052 3005 3086 accu-

1847 3113 2077 3163 sativum.
2148 3114 2248 3164 Sed
2273 3116 2572 3164 correximus
2594 3124 2932 3179 expungentes
2954 3132 3005 3164 m

1848 3196 2068 3260 ubique3
2122 3213 2235 3246 eam
2267 3198 2399 3247 enirn
2432 3198 2648 3247 litteram
2683 3198 2890 3247 uetustis
2922 3214 3005 3247 co·

1832 3278 2042 3328 ‘dicibus
2083 3288 2268 3329 temere
2310 3280 2526 3343 inspergi
2566 3288 2615 3329 et
2658 3280 2710 3329 in
2756 3279 2854 3328 fine
2897 3296 3006 3329 uer-

1849 3361 2028 3410 borum
2081 3362 2367 3426 saepissime
2420 3361 2674 3411 abundare
2728 3361 2872 3410 multi
2916 3376 3007 3410 no-

1851 3443 2070 3494 tarunt.”

1924 3539 1997 3573 11.
2061 3531 2260 3588 propter
2289 3523 2641 3573 inhabitantem
2672 3525 2746 3573 D.
2774 3524 2853 3586 V.]
2911 3525 3007 3575 See

1852 3622 1900 3671 p.
1929 3609 2007 3669 58,
2035 3607 2070 3655 1.
2102 3623 2173 3669 13,
2204 3614 2335 3656 note.

1923 3704 1998 3738 12.
2056 3688 2261 3748 intrem]
2298 3686 2524 3746 Passive3
2548 3688 2713 3737 unless
2730 3704 2805 3737 we
2828 3688 3006 3737 should

1852 3773 1969 3820 read
1992 3771 2544 3820 diuinam...naturam.
2601 3772 2803 3819 Intuere
2822 3774 2864 3819 is
2886 3771 3007 3820 used

1852 3857 1920 3919 by
1945 3854 2276 3905 Commodian
2301 3854 2401 3916 (3¹·
2436 3869 2476 3902 1.
2506 3853 2587 3903 De
2611 3851 2757 3916 Vit.).

1924 3954 2000 4001 13.
2066 3934 2378 4000 capitulatio]
2412 3936 2734 3995 κεφαλαίωσις
2763 3933 2840 3999 (ἶ).

1924 4019 1998 4070 16.
2066 4020 2138 4068 ad
2188 4019 2275 4067 hoc
2315 4018 2485 4066 onmia
2529 4035 2560 4066 a
2603 4018 2770 4081 princ.
2827 4024 3006 4066 constr.

1853 4117 1930 4168 Cf.
1964 4117 2173 4176 Sachau,
2204 4132 2251 4180 p.
2283 4125 2375 4171 a..
2405 4113 2523 4180 (ιο),
2553 4115 2719 4164 where
2741 4114 2839 4163 Th.
2863 4114 3009 4164 when

1850 4214 2035 4279 stating
2090 4215 2187 4264 this
2241 4216 2369 4265 view
2418 4216 2667 4265 remarks:
2774 4209 3017 4367 νῖν(

1865 4374 2199 4455 ιὸιὶεοάε
2228 4374 2644 4481 «hi-'423
2684 4374 3008 4455 «33:1³
