3293 5233
311 389 438 456 ΙΙΙ.
483 409 574 471 14,
617 391 743 475 15.]

1145 407 1228 457 IN
1278 408 1383 458 ΕΡ.
1429 409 1531 457 ΑΙ)
1578 367 1980 466 Ernsssms..

2602 405 2724 473 159

293 572 636 653 gentibus,·
684 577 957 639 resumit
989 576 1225 641 iterum
1257 579 1436 661 quod
1468 578 1752 654 dixerat,
1784 578 1983 641 huius
2011 577 2111 641 rei
2125 578 2376 660 gratia.
2451 587 2519 641 et
2541 575 2720 658 quod

305 679 396 742 ibi
428 681 646 742 dicere
678 693 876 762 supra
907 690 1357 763 proposuerat,
1391 681 1519 744 hoc
1551 681 1618 744 in
1651 682 1781 744 isto
1813 680 1959 743 loco
1991 682 2223 745 adicit:

435 845 632 909 lucius
682 846 782 910 rei
816 848 1071 930 gratia,
1101 848 1291 930 flecto
1331 871 1551 931 genua
1598 870 1740 911 mea
1789 846 1886 910 ad
1907 858 2167 929 patrem
2219 845 2471 909 domini
2520 843 2730 909 nostri

307 943 457 1007 Iesu
507 947 769 1025 Christi,
817 971 895 1012 ex
941 970 1064 1031 quo
1112 951 1325 1014 omnis
1367 949 1773 1033 congregatio
1812 948 1884 1012 in
1922 950 2113 1012 caelis
2149 958 2212 1010 et
2251 956 2442 1027 super
2478 956 2723 1009 terram

309 1046 704 1113 nominatur.

440 1180 765 1265 †quidam
797 1187 1169 1267 paternitas
1209 1189 1525 1270 legerunt,
1561 1208 1695 1251 non
1730 1187 2187 1267 intellegentes
2219 1185 2396 1266 quod
2432 1183 2719 1266 positum

307 1296 448 1348 erat
490 1288 575 1350 ab
623 1290 959 1370 apostolo;
1005 1301 1105 1353 est
1151 1302 1374 1354 autem
1418 1290 1837 1373 congregatim

1925 1309 2081 1352 nam
2099 1289 2331 1370 patria
2366 1287 2470 1351 uel
2502 1298 2730 1369 pater-

309 1386 499 1463 nitas,
522 1393 834 1472 cognatio
858 1393 1123 1470 dicitur3
1149 1394 1552 1476 congregatio
1582 1404 1806 1456 autem
1840 1393 2142 1456 collectio
2173 1414 2316 1456 esse
2342 1392 2727 1457 insinuatur.

312 1491 376 1553 in
432 1494 629 1555 caelis
682 1516 970 1577 namque
1019 1498 1332 1578 cognatio
1391 1497 1663 1578 quidem
1725 1505 1828 1559 est
1889 1496 2098 1572 nulla3
2174 1495 2725 1578 congregationes

311 1607 534 1660 autem
567 1610 720 1662 sunt
752 1600 1090 1681 plurimae.
1156 1620 1308 1662 nam
1343 1600 1520 1681 quod
1553 1600 1759 1662 dixit:
1804 1599 2001 1662 huius
2041 1599 2139 1661 rei
2168 1599 2419 1681 gratia,
2465 1618 2724 1660 sursum
2761 1619 2838 1665 10

312 1702 581 1783 quidem
617 1704 905 1766 reddidit
935 1704 1019 1766 ad
1056 1703 1165 1765 illa
1206 1723 1377 1782 quae
1423 1703 1763 1783 praedicta
1808 1701 2067 1764 fuerant
2112 1702 2190 1777 ei,
2235 1722 2407 1783 quae
2454 1701 2728 1763 narrati-

443 1890 609 1960 τινὲς
668 1894 879 1978 πατριὰ
938 1890 1324 1974 ἀνέγνωσαν,
1387 1890 1461 1957 οὐ
1524 1891 1841 1962 συνιέντες
1902 1891 1977 1956 τὸ
2040 1890 2345 1973 κείμενον·
2421 1888 2601 1954 ἔστιν
2659 1885 2727 1951 δὲ

315 1993 587 2081 Φρατρῖα.
677 1994 923 2079 πατριὰ
983 1994 1104 2077 μὲν
1162 1995 1292 2082 *γὰρ
1352 1994 1392 2076 ἦ
1456 1993 1797 2077 συγγένεια
1854 1994 2131 2074 λέγεται,
2186 1991 2475 2078 φρατρία
2532 1989 2602 2055 δὲ
2652 1986 2727 2055 τὸ

315 2095 647 2177 σύστημα·
713 2097 780 2160 ἐν
831 2095 904 2160 δὲ
948 2101 1079 2167 τοῖς
1125 2095 1410 2183 οὐρανοῖς
1462 2096 1807 2179 συγγένεια
1848 2095 1969 2177 μὲν
2012 2094 2284 2179 οὐδεμία,
2334 2093 2730 2177 συστήματα

316 2197 387 2263 δὲ
416 2199 525 2264 καὶ
553 2196 797 2264 πολλά.
888 2198 965 2264 τὸ
997 2201 1208 2266 τοίνυν
1237 2205 1460 2276 τοΫτογ
1492 2204 1655 2286 χάΡιΝ
1699 2198 1942 2265 ἄνωθεν
1961 2200 2088 2281 -μὲν
2119 2194 2535 2268 ἀποδεδωκὼς
2564 2195 2725 2279 πρὸς
2761 2208 2830 2282 115

412 2397 439 2431 α
475 2399 622 2447 super
648 2384 761 2447 (fhr
778 2382 943 2448 supra)
975 2386 1018 2433 C
1023 2385 1050 2409 ⁴*
1069 2385 1134 2433 H

311 2480 389 2513 om
414 2466 528 2528 Hg
666 2482 724 2515 10
758 2482 948 2515 rursum
975 2467 1086 2530 (sor
1106 2469 1316 2527 sursum)
1347 2468 1389 2515 C

1322 2405 1351 2446 4
1387 2391 1516 2433 terra
1538 2384 1605 2432 H

1858 2382 1889 2432 6
1924 2385 2093 2446 legunt
2122 2384 2167 2432 C
2188 2383 2334 2442 (corr)
2556 2383 2587 2430 8
2621 2397 2729 2430 esse

1605 2482 1657 2514 11
1698 2466 1981 2529 praedicata
2010 2466 2054 2514 C
2077 2464 2084 2529 Ι
2116 2465 2283 2528 eisque
2307 2462 2422 2527 (for
2442 2464 2487 2513 ei
2510 2466 2659 2527 quae)
2689 2463 2733 2512 C

319 2560 374 2597 ια
400 2565 475 2611 sq.
504 2547 656 2596 Coisl.
683 2563 791 2609 204,
822 2551 854 2597 s.
888 2547 948 2610 76
970 2564 1000 2596 a
1034 2549 1140 2609 [Cr.
1167 2552 1231 2596 vi.
1265 2563 1370 2612 159,
1398 2548 1482 2596 Fr.
1517 2548 1626 2607 134]
1653 2549 1879 2606 θεόδωρος
1902 2548 1953 2595 δέ
1977 2556 2145 2608 φησιν·
2181 2546 2317 2607 τινές,
2348 2564 2390 2595 κ.
2407 2564 2450 2595 τ.
2466 2548 2517 2594 λ.
2669 2560 2728 2594 12

312 2627 520 2693 πατριὰν
540 2631 652 2679 cod.
871 2646 928 2693 13
962 2632 1143 2694 φατρία
1166 2633 1275 2680 cod.

380 2786 427 2837 6.
468 2787 671 2850 quidam
697 2788 968 2851 paternitas
989 2786 1227 2849 legcmmt]
1255 2786 1471 2847 Quidam

317 2884 400 2916 are
432 2868 481 2916 in
518 2869 613 2917 fact
646 2868 712 2916 all
744 2877 914 2916 extant
940 2878 1328 2917 Commentators
1350 2867 1471 2914 with

317 2950 402 2997 the
425 2949 686 3012 exception
702 2949 759 2997 os
776 2950 1056 3007 Theodore,
1080 2950 1178 2997 and
1199 2950 1264 2996 all
1285 2949 1472 2996 known

320 3028 475 3078 MSS.
507 3028 607 3075 and
638 3029 876 3076 versions.
947 3028 1125 3091 Chrys.
1164 3028 1345 3076 indeed
1383 3025 1469 3074 felt

319 3108 404 3158 the
443 3107 809 3156 awkwardness
833 3107 892 3156 os
924 3107 1233 3171 predicating
1272 3107 1355 3155 the
1390 3121 1472 3153 ex-

319 3190 503 3239 istence
538 3190 596 3238 of
634 3190 835 3248 πατριαί
870 3206 1056 3253 among
1101 3190 1183 3237 the
1228 3186 1473 3250 heavenly

319 3272 486 3320 hosts:
540 3273 747 3319 ἐνταῦθα
806 3271 894 3328 μὲν
951 3270 1048 3332 γάρ
1102 3272 1301 3332 rar-pta!
1356 3272 1475 3319 εἰσιν

318 3353 381 3402 τὰ
422 3355 554 3415 γένη,
601 3355 651 3401 ἐν
696 3352 747 3401 δὲ
791 3353 974 3412 οὐρανῷ
1013 3353 1128 3407 πῶς,
1170 3354 1283 3400 ἔνθα
1327 3354 1473 3402 οὐδεὶς

319 3436 371 3492 ἐξ
415 3434 595 3481 οὐδενὸς
637 3432 876 3498 γέγονεν;
930 3428 966 3497 ἦ
1010 3432 1110 3480 ἐκεῖ
1150 3432 1220 3480 τὰ
1265 3433 1471 3491 συστή-

318 3514 472 3574 ματά
530 3522 713 3576 φησιν
759 3515 977 3574 πατριάς,
1030 3516 1251 3574 καθάπερ
1294 3514 1372 3561 καὶ
1420 3514 1469 3561 ἐν

318 3599 384 3659 τῇ
436 3599 607 3660 γραφῇ
656 3598 790 3645 ἔστιν
834 3597 982 3657 εὑρεῖν
1038 3596 1248 3653 κείμενον
1292 3594 1473 3657 πατριὰ

321 3680 585 3738 ἀματταρεί
618 3678 856 3740 [Μεραρεί
876 3679 897 3726 Ρ
920 3678 1108 3727 Numb.
1140 3677 1205 3725 iv.
1234 3676 1344 3740 33];
1384 3675 1469 3736 ἀφ’

321 3762 374 3812 οὗ
419 3763 497 3811 καὶ
542 3762 790 3822 πατέρες
834 3761 1106 3809 καλοῦνται.
1177 3759 1472 3809 Severianus

321 3845 568 3893 mentions
592 3842 677 3891 the
699 3840 999 3905 conjectural
1032 3841 1237 3904 reading
1259 3856 1315 3888 so
1338 3840 1469 3903 posi·

321 3925 473 3988 tively
496 3923 713 3987 adopted
747 3923 813 3984 by
837 3921 951 3980 Th.‚
979 3922 1067 3969 but
1090 3922 1208 3984 only
1232 3929 1284 3969 to
1318 3920 1469 3983 reject

320 4009 359 4056 it
407 4008 650 4065 (Cramer,
708 4003 774 4051 vi.
834 4018 952 4067 159:
1010 4005 1363 4061 ἐπισημαντέον
1421 4004 1472 4051 δὲ

322 4086 398 4134 ὅτι
461 4082 670 4145 πατριεὶν
732 4084 864 4130 εἶπεν
916 4084 976 4131 ὡς
1037 4085 1117 4131 ἐπὶ
1174 4084 1469 4142 συγγενείας,

322 4172 377 4217 οὐ
433 4169 683 4229 φρατρίαν.
756 4162 909 4214 Thdt.
962 4181 1130 4229 passes
1175 4166 1212 4214 it
1257 4180 1375 4213 over
1421 4164 1469 4212 in

320 4252 520 4303 silence,
562 4250 649 4295 but
687 4247 896 4309 justifies
937 4246 1021 4295 the
1062 4253 1193 4294 text:
1247 4247 1385 4303 λέγει
1423 4247 1473 4293 δὲ

320 4334 401 4380 ἐπὶ
453 4332 545 4388 ’γῆς
601 4330 812 4388 πατέρας
875 4330 980 4375 τοὺς
1043 4332 1184 4386 φύσει
1241 4329 1473 4386 πατέρας·

321 4415 559 4473 οὐρανίους
603 4412 652 4458 δὲ
705 4410 933 4470 πατέρας,
981 4411 1088 4456 τοὺς
1134 4409 1474 4465 πνευματικοὺς

320 4496 472 4542 καλεῖ.

1502 2647 1558 2692 14
1592 2633 1681 2688 μὲν
1706 2646 1788 2679 om
1813 2631 1929 2679 edd.

1639 2783 1750 2832 The
1795 2783 1988 2847 margin
2032 2784 2090 2832 of
2130 2785 2373 2833 Cramer's
2418 2794 2595 2835 catena
2635 2784 2727 2834 has

1575 2866 1662 2915 the
1725 2866 1980 2915 scholion:
2018 2867 2043 2915 ὀ
2091 2867 2445 2927 Χρυσόστομος·
2504 2871 2721 2928 rav-peut,

1574 2950 1710 2997 οἱονεὶ
1767 2950 1935 3007 φυλαί.
2013 2947 2260 3009 Ὠριγένης
2315 2950 2496 3004 ὁμοίως.
2576 2951 2727 3008 Σευη-

1572 3014 1751 3089 ριανόὲ·
1787 3029 2011 3090 πατριάν,
2038 3029 2098 3077 ὠς
2129 3027 2212 3075 ἐπὶ
2243 3030 2537 3089 συγγενείας.
2610 3026 2728 3078 Θεό-

1576 3111 1735 3171 δωρος·
1774 3113 2016 3172 φρατρίαι,
2045 3111 2106 3159 τὰ
2125 3111 2426 3169 συστήματα.
2496 3111 2728 3174 Origen's

1574 3198 1828 3238 comment
1885 3189 1924 3238 is
1979 3190 2213 3238 followed
2269 3190 2336 3251 by
2390 3189 2474 3238 the
2529 3191 2727 3238 remark

1576 3270 1761 3330 (added
1817 3270 1868 3318 in
1926 3269 2010 3319 the
2065 3270 2203 3332 body
2257 3268 2314 3317 of
2366 3269 2449 3317 the
2503 3271 2725 3329 catena):

1574 3353 1778 3413 πατριὰς
1802 3354 1852 3400 δὲ
1875 3352 1953 3400 καὶ
1983 3353 2122 3401 αὐτὸς
2152 3351 2389 3409 ἐξέδωκεν,
2415 3348 2470 3399 οὐ
2495 3351 2727 3413 φρατρίας

1574 3433 1698 3483 κατὰ
1718 3436 1974 3495 Θεόδωρον.

1642 3530 1685 3578 7.
1759 3517 1918 3582 patria
1963 3518 2045 3566 uel
2085 3516 2379 3581 paternitas]
2463 3517 2537 3568 Cf.
2582 3533 2634 3581 p.
2675 3531 2720 3579 5,

1573 3600 1607 3648 l.
1654 3599 1727 3648 16.
1799 3601 2304 3662 Patria=patffnilas
2342 3616 2514 3648 occurs
2554 3601 2603 3649 in
2640 3600 2727 3650 the

1573 3680 1725 3742 Vulg.
1752 3679 1810 3727 os
1834 3680 1914 3727 Ps.
1939 3696 2047 3728 xcv.
2078 3692 2102 3740 7
2138 3680 2405 3744 (“patriae
2434 3681 2656 3742 gentium
2673 3679 2724 3740 '')

1571 3761 1671 3809 and
1714 3761 1753 3809 is
1790 3760 1911 3809 used
1951 3761 2003 3809 in
2045 3760 2129 3809 the
2168 3767 2364 3824 present
2410 3777 2616 3825 passage
2658 3762 2725 3825 by

1573 3841 1658 3890 the
1708 3841 1886 3889 author
1930 3841 1988 3890 os
2037 3843 2121 3890 the
2172 3857 2320 3905 poem
2368 3857 2447 3903 ag.
2497 3842 2724 3890 Marcion

1570 3923 1796 3972 ascribed
1823 3933 1872 3972 to
1896 3924 2171 3972 Tertullian
2204 3922 2287 3985 (iv.
2317 3921 2428 3986 35):
2471 3925 2506 3947 ‘⁶
2525 3925 2598 3971 Ex
2624 3940 2725 3987 quo

1573 4005 1735 4052 omnis
1769 4005 1926 4068 patria
1955 4004 2006 4051 in
2039 4003 2179 4052 caelo
2211 4011 2437 4065 terraque
2466 4002 2727 4050 uocatur.”

1574 4086 1709 4134 Pitra
1732 4085 1852 4133 cites
1875 4085 1980 4133 also
2006 4084 2145 4133 Hier.
2170 4084 2280 4132 adv.
2309 4084 2454 4131 Helv.
2484 4098 2538 4144 ¹4
2567 4085 2726 4146 “cog-

1572 4167 1775 4214 natione
1799 4165 1968 4213 fratres
1992 4175 2231 4213 uocantur
2265 4165 2348 4227 qui
2385 4173 2494 4213 sunt
2530 4165 2593 4213 dc
2629 4181 2728 4212 una

1573 4248 1760 4296 familia
1785 4248 1833 4295 id
1859 4256 1930 4295 est
1947 4247 2139 4310 μανία,
2168 4262 2288 4309 quas
2315 4246 2477 4294 Latini
2501 4249 2725 4309 pala-rni-

1571 4336 1691 4376 tates
1722 4328 2118 4390 interpretantur,
2146 4342 2297 4388 quum
2334 4342 2392 4373 ex
2428 4343 2526 4374 una
2563 4328 2729 4376 radice

1572 4408 1728 4455 multa
1752 4407 1943 4467 generis
1968 4407 2107 4453 turba
2134 4403 2474 4453 diffumlitur.”
