3293 5233
418 1440 495 1487 10
519 1424 800 1492 lositate.

420 2021 488 2087 15

414 2614 499 2664 20

524 330 600 391 14
1180 324 1635 377 THEODORUS
1683 322 2265 375 MOPSUESTENUS

2578 307 2656 392 [1.
2700 312 2794 386 18,
2826 325 2921 391 ¹9·

515 516 596 560 ea
624 516 801 580 quae
831 497 915 561 de
948 496 1215 562 Christo
1246 505 1417 561 sunt.
1507 516 1630 561 nec
1660 496 1840 559 enim
1886 495 2126 559 referre
2158 494 2287 558 illis
2317 514 2517 578 super
2545 494 2922 559 doctrinam

516 620 737 663 meam
789 601 993 664 ullam
1038 620 1266 665 curam
1315 599 1561 677 habui;
1628 600 1788 682 quia
1826 608 1895 663 et
1941 599 2006 661 in
2050 608 2315 663 tantum
2359 619 2469 661 me
2526 597 2795 663 cohibui
2851 608 2924 664 ut

516 702 767 786 aliquid
801 703 1122 767 discerem
1155 704 1243 767 ab
1276 702 1403 766 illis
1450 703 1561 785 qui
1594 712 1754 766 ante
1786 724 1894 765 me
1926 703 2189 766 fuerunt
2231 702 2538 785 apostoli,
2569 704 2665 767 ita
2695 711 2771 767 ut
2801 723 2925 766 nec

519 806 681 869 irem
746 807 1049 890 protinus
1103 806 1190 870 ad
1255 828 1389 882 eOS,
1447 808 1565 870 sed
1625 827 1750 870 nec
1820 806 2115 870 uiderem
2182 827 2315 883 eOS,
2377 826 2501 871 nec
2572 807 2923 871 consilium

455 917 823 991 scaperem
867 929 1097 972 eorum
1142 909 1229 973 de
1268 906 1371 971 his
1411 929 1584 991 quae
1628 908 1790 972 mihi
1838 907 2099 972 fuerant
2145 919 2454 986 ostensa3
2513 907 2923 993 superfluum

518 1032 663 1075 esse
713 1012 1012 1076 iudicans
1072 1020 1228 1096 post
1287 1011 1762 1076 reuelationem
1828 1011 2073 1078 Christi
2147 1012 2494 1077 hominum
2567 1022 2926 1097 expectare

518 1115 928 1180 doctrinam.'
1017 1116 1189 1179 bene
1232 1125 1459 1181 autem
1506 1124 1575 1178 et
1623 1135 1763 1179 rem
1816 1115 2031 1199 ipsam
2077 1115 2267 1199 quasi
2308 1136 2443 1180 non
2488 1116 2924 1180 necessariam

518 1219 831 1295 detraxit,
862 1240 996 1283 non
1028 1219 1256 1285 dicens
1284 1219 1600 1301 apostolis,
1633 1219 1755 1283 sed
1796 1240 2013 1302 neque
2051 1218 2463 1295 lzomz'nibus,·
2506 1220 2627 1283 sed
2655 1219 2845 1283 carni
2868 1229 2929 1282 et

515 1322 832 1404 sanguini
842 1346 874 1399 ,·
937 1324 1137 1388 ualde
1180 1320 1338 1387 'cum
1392 1321 1623 1386 debita
1677 1321 1744 1385 id
1799 1321 2226 1385 obseruantia
2265 1321 2492 1387 dicens
2541 1328 2610 1385 et
2654 1341 2925 1402 scrupu-

911 1437 981 1492 et
1038 1427 1199 1510 quia
1255 1426 1473 1489 dixit:
1545 1425 1777 1489 statim
1828 1446 1957 1489 non
2015 1427 2316 1507 arposuz‘,·
2385 1425 2700 1509 exposuit
2747 1425 2923 1489 enim

519 1538 755 1611 postea
790 1528 936 1607 illis,
968 1529 1335 1594 ascendens
1376 1528 1744 1593 secundum
1798 1528 2275 1592 reuelationem
2328 1527 2456 1593 hoc
2497 1528 2711 1612 ipsud,
2757 1529 2928 1592 sicut

521 1633 662 1714 ipse
692 1642 846 1715 post
876 1653 1092 1717 pauca
1124 1633 1302 1698 dicit.
1383 1641 1452 1697 et
1483 1640 1557 1696 ut
1583 1652 1668 1695 ne
1699 1632 2006 1696 uideatur
2033 1651 2153 1716 per
2190 1633 2414 1696 omnia
2446 1631 2927 1715 contempsisse

518 1736 861 1818 apostolos
887 1757 903 1801 ε

647 1881 877 1946 deinde
909 1891 1063 1964 post
1107 1902 1313 1945 annos
1361 1891 1489 1944 tres
1532 1875 1793 1943 a'scendi
1844 1879 1931 1942 H
1926 1878 2240 1944 ierosolz'm
2247 1880 2305 1943 is
2363 1880 2583 1944 uidere
2636 1882 2927 1946 Petrum.

652 2024 719 2079 et
772 2016 868 2079 ita
918 2015 1229 2078 affectum
1284 2034 1483 2096 quem
1530 2034 1691 2095 erga
1735 2014 2002 2077 Petrum
2053 2014 2419 2077 uidendum
2468 2013 2763 2077 habebat
2809 2036 2928 2077 ex-

521 2116 794 2202 plicanS,
828 2128 897 2183 et
937 2120 1120 2203 quod
1161 2117 1682 2183 sollicitudinem
1726 2118 2157 2200 expenderet,
2191 2127 2266 2183 ut
2307 2118 2614 2184 redderet
2654 2120 2713 2183 ei
2745 2119 2924 2202 quod

521 2222 835 2286 debeban

649 2359 714 2412 et
738 2348 962 2412 mansi
985 2347 1167 2429 apud
1186 2368 1332 2410 eum
1359 2345 1500 2411 dies
1526 2346 1903 2430 quindecim.

651 2484 737 2548 de
767 2484 915 2549 aliis
945 2506 1101 2548 vero
1132 2484 1341 2567 quid?

651 2613 862 2678 alium
921 2614 1351 2697 apostolorum
1409 2623 1625 2678 autem
1688 2633 1815 2677 non
1873 2611 2035 2692 uidi,
2096 2611 2235 2677 nisi
2285 2611 2587 2679 Iacobum
2628 2615 2929 2699 fratrem

523 2717 813 2782 Domini.

654 2854 927 2918 euidens
977 2862 1080 2917 est
1133 2873 1292 2935 ergo
1345 2853 1665 2936 quoniam
1716 2873 1932 2935 neque
1984 2860 2145 2917 tunc
2205 2860 2280 2917 ut
2338 2853 2588 2937 aliquid
2649 2855 2930 2920 disceret

524 2959 840 3035 ascendit,
893 2959 1222 3041 siquidem
1267 2966 1424 3041 post
1468 2966 1602 3021 tres
1643 2978 1856 3021 annos
1904 2957 2070 3021 haec
2110 2958 2265 3022 fecit
2290 2977 2306 3036 ;
2352 2960 2623 3042 quando
2669 2967 2935 3043 aposto-

621 3172 649 3207 2
685 3159 771 3224 qui
808 3158 920 3223 (for
949 3158 1087 3222 quia)
1127 3158 1172 3206 C
1202 3156 1350 3219 (corr)

522 3331 685 3386 apost.
716 3323 760 3370 C
794 3321 941 3381 (corr)
965 3320 1033 3368 H

592 3510 638 3558 8.
704 3524 804 3557 non
842 3507 1003 3556 dicens
1039 3508 1279 3572 apostolis
1295 3515 1524 3571 ...postca
1559 3509 1682 3571 illis]

528 3591 675 3641 Cited
701 3591 766 3654 by
792 3590 1055 3638 Lansranc.

601 3692 672 3725 10.
713 3676 877 3724 statim
903 3690 1001 3722 non
1026 3675 1222 3737 exposui
1241 3674 1354 3735 Sco-J
1394 3675 1464 3724 So
1482 3675 1678 3738 Chrys.,

528 3757 614 3808 οὐκ
653 3758 782 3805 εἶπεν
819 3756 1008 3805 ἁπλῶς·
1055 3753 1112 3805 οὐ
1153 3758 1533 3818 προσανεθέμην·
1569 3754 1684 3805 ἀλλ’

531 3838 742 3890 εὐθέως
767 3853 779 3886 t
848 3840 1053 3902 adding,
1120 3841 1161 3887 εἰ
1224 3840 1274 3887 δὲ
1337 3837 1464 3897 fre-ro)
1527 3839 1687 3888 ταῦτα

530 3922 748 3984 ἀνῆλθεν,
812 3919 901 3982 οὐχ
948 3921 1070 3984 ὑπὲρ
1124 3922 1209 3970 τοῦ
1262 3939 1311 3969 τι
1368 3925 1678 3985 προσλαβεῖν.

530 4003 788 4067 Admana,
842 4002 1032 4066 though
1076 4001 1298 4050 retained
1345 4002 1396 4049 in
1444 4002 1528 4051 the
1581 4008 1685 4051 text

529 4087 653 4134 from
681 4086 764 4134 the
790 4087 853 4133 O.
883 4086 942 4133 L.
966 4085 1065 4133 and
1091 4085 1256 4147 Vulg„
1280 4084 1369 4132 has
1388 4086 1513 4133 been
1532 4086 1683 4134 aban-

531 4167 696 4217 doned
719 4169 786 4231 by
809 4167 894 4216 the
918 4166 1180 4215 translator
1210 4167 1260 4215 in
1296 4168 1380 4215 the
1414 4175 1683 4216 comment·

530 4268 629 4314 ary,
688 4251 853 4299 where
910 4252 992 4300 the
1051 4253 1282 4314 meaning
1342 4251 1574 4300 attached
1630 4257 1683 4299 to

531 4331 786 4392 προσανεθ.
818 4331 884 4393 by
901 4331 998 4378 Th.
1020 4347 1186 4380 comes
1202 4332 1385 4393 clearly
1408 4331 1511 4380 into
1535 4335 1675 4380 view.

605 4428 675 4463 11.
715 4412 801 4461 hoc
822 4411 990 4476 ipsud]
1014 4413 1131 4462 αὐτὸ
1154 4416 1312 4471 τοῦτο,
1339 4413 1441 4462 ‘sor
1464 4412 1548 4463 the
1566 4427 1683 4475 very

1565 3176 1596 3219 4
1630 3173 1722 3206 nec
1744 3157 1847 3207 uid.
1873 3173 1957 3207 eos
1989 3159 2078 3208 sed
2100 3175 2192 3209 nec
2214 3161 2284 3209 H

524 3241 555 3289 8
588 3256 670 3305 ap.
696 3256 856 3304 neque
879 3240 928 3288 h.
960 3240 1055 3298 (om
1079 3239 1186 3299 sed)
1212 3239 1278 3287 H
1289 3237 1543 3301 apostolus
1566 3238 1667 3297 sed,
1697 3238 1784 3288 διο.
1814 3239 1838 3286 l
1858 3239 1957 3301 (ed)

1153 3335 1214 3368 22
1249 3326 1298 3369 et
1335 3318 1479 3382 (aster
1498 3319 1724 3382 disceret)
1746 3321 1852 3368 add
1884 3322 1929 3371 C

2466 3174 2493 3223 7
2527 3161 2855 3212 necessarium
2879 3160 2945 3209 H

2078 3256 2096 3290 1
2112 3255 2131 3289 1
2170 3241 2334 3306 ipsum
2362 3242 2407 3291 C
2426 3241 2571 3304 (corr)
2673 3256 2736 3291 20
2768 3250 2936 3293 autem

2052 3337 2112 3385 23
2148 3322 2245 3372 hoc
2289 3324 2334 3372 C

1783 3509 2051 3577 purpose3'
2083 3511 2147 3561 cf.
2171 3527 2219 3576 p.
2257 3524 2332 3573 15,
2360 3511 2394 3561 1.
2423 3523 2500 3572 31.

1855 3610 1929 3643 12.
1976 3601 2033 3642 ut
2055 3611 2116 3642 ne
2137 3595 2240 3642 uid.
2256 3602 2309 3658 p.
2334 3611 2377 3643 o.
2399 3601 2522 3643 cont.
2547 3595 2720 3658 apost]
2751 3595 2934 3662 Comp.

1785 3678 1871 3728 the
1894 3679 2088 3727 remark
2107 3678 2166 3727 of
2183 3679 2233 3728 S.
2249 3679 2474 3742 Jerome:
2507 3680 2654 3728 “scio
2673 3681 2937 3745 plerosque

1785 3761 1849 3810 de
1871 3760 2111 3824 apostolis
2133 3760 2229 3809 hoc
2253 3760 2417 3821 [σαρκὶ
2440 3761 2518 3809 καὶ
2535 3761 2722 3822 αἵματι]
2746 3763 2933 3812 dictum

1785 3841 2010 3891 arbitrari
2107 3841 2195 3890 sed
2234 3841 2362 3889 absit
2395 3848 2450 3890 ut
2482 3857 2577 3905 ego
2618 3843 2818 3892 Petrum
2854 3844 2933 3892 Io-

1786 3921 2001 3969 hannem
2024 3930 2073 3970 et
2099 3922 2338 3970 Iacobum
2362 3938 2561 3971 carnem
2579 3930 2629 3972 et
2646 3924 2935 3988 sanguinem

1787 3998 2010 4065 putem.'’

1859 4090 1932 4142 ¹5·
1987 4081 2122 4128 etita
2143 4081 2367 4140 affectum
2391 4082 2505 4143 δια]
2538 4083 2691 4132 Thdt.
2710 4083 2799 4142 τὴν
2820 4084 2935 4145 πρέ-

1786 4180 1972 4212 πουσαν
1991 4159 2215 4221 α’πονέμει
2233 4164 2301 4223 τῷ
2321 4167 2564 4226 κορυφαίῳ
2575 4166 2731 4225 τιμήν.
2753 4167 2928 4229 Chrys.

1785 4244 1926 4301 adds,
1973 4244 2048 4291 ἵνα
2092 4245 2210 4292 ὅταν
2252 4246 2381 4306 λέγῃ
2421 4243 2708 4305 ἀντέστην
2738 4247 2929 4306 Πέτρῳ,

1784 4327 1945 4386 μηδεὶς
1979 4328 2156 4388 ἔχθρας
2190 4327 2272 4376 καὶ
2304 4329 2595 4389 φιλονεικίας
2628 4328 2788 4379 ταῦτα,
2822 4329 2938 4377 εἶναι

1786 4412 1957 4474 νομίσῃ
1977 4413 2042 4462 τὰ
2063 4413 2272 4476 ῥήματα.
