3293 5233
350 421 697 506 1.22,23]

1161 438 1242 488 IN
1293 439 1396 490 ΕΡ.
1441 439 1544 489 ΑΙ)
1591 438 1965 492 EPHESIOS.

2650 442 2765 505 141

344 605 753 689 adimpletur.
841 607 1027 701 †n·on
1060 611 1237 676 dixit
1269 614 1285 645 ‘
1307 612 1533 676 omnia
1567 611 1835 695 implet,’
1867 611 1983 676 sed
2016 610 2172 693 quia
2205 610 2346 693 ipse
2377 609 2448 673 in
2477 610 2773 675 omnibus

344 713 785 799 adimpletur‚·
845 715 973 779 hoc
1018 726 1135 792 est,
1192 716 1294 779 ‘in
1349 717 1659 779 omnibus
1713 714 1949 798 plenus
2008 715 2144 780 est!

2234 724 2414 778 totus
2466 716 2646 779 enim
2701 717 2767 779 in

347 835 890 900 unumquemque
957 828 1059 881 est
1130 828 1400 901 propter
1475 828 1753 882 naturae
1790 807 2568 898 incircumscriptionem,
2630 837 2766 880 non

347 918 713 980 secundum
761 930 984 1001 partes
1026 921 1295 984 diuisuS.

1387 922 1758 984 necessaria
1805 928 2030 983 autem
2076 929 2178 983 est
2224 929 2293 982 et
2331 918 2441 981 illa
2481 919 2766 982 adiectio

346 1034 480 1096 qua
539 1018 732 1095 dixit,
776 1020 998 1083 omnia
1060 1021 1131 1083 in
1189 1021 1538 1095 omnibus,·
1602 1024 1965 1086 ostendens
2017 1022 2289 1104 quando
2340 1022 2405 1084 in
2456 1021 2765 1084 omnibus

345 1127 464 1193 est,
497 1129 675 1183 totus
706 1123 1005 1186 existens
1038 1126 1103 1188 in
1138 1145 1679 1207 unumquemque
1712 1134 1910 1206 prout
1941 1125 2090 1206 quis
2107 1124 2417 1207 'cogitare
2462 1121 2763 1199 uoluerit,

346 1223 486 1286 siue
532 1229 818 1290 essentia
850 1229 989 1291 siue
1022 1229 1476 1311 inoperatione
1518 1228 1662 1290 siue
1703 1229 1947 1291 uirtute
1977 1229 2118 1290 siue
2150 1236 2481 1309 potestate
2523 1228 2664 1289 siue
2696 1236 2767 1292 et

345 1323 481 1387 alio
540 1328 839 1408 quolibet
902 1331 1122 1412 mode,
1190 1351 1271 1393 eo
1319 1331 1497 1412 quod
1562 1351 1683 1411 per
1728 1330 1955 1393 omnia
2007 1330 2093 1392 sit
2143 1329 2763 1410 incircumscriptus,

342 1436 411 1490 et
482 1429 631 1492 ideo
690 1432 757 1494 in
818 1452 1359 1514 unumquemque
1426 1441 1607 1495 totus
1669 1451 1787 1514 per
1857 1431 2084 1494 omnia
2142 1451 2289 1495 esse
2347 1430 2627 1507 uidetur,
2679 1451 2762 1494 eo

473 1731 588 1797 οὔκ
634 1732 813 1800 εἶπεν
855 1732 955 1802 ’ότι
1000 1734 1085 1802 τὰ
1128 1736 1351 1803 πάντα,
1394 1739 1659 1820 πληροῖ,
1699 1733 1852 1800 ἀλλ’
1883 1734 1985 1800 ὅτι
2027 1733 2216 1804 αὐτὸς
2262 1734 2330 1800 ἐν
2372 1736 2547 1800 πᾶσι
2588 1741 2758 1813 πλη·
2792 1760 2871 1808 10

339 1839 581 1918 ροῦται,
614 1838 970 1917 τουτέστιν,
1001 1842 1074 1906 ἐν
1101 1843 1313 1907 πᾶσιν
1342 1839 1599 1925 πλήρης
1631 1841 1832 1904 ἐστιν·
1865 1835 2017 1909 ὅλος
2048 1838 2136 1903 ὧν
2167 1838 2235 1903 ἐν
2267 1837 2520 1923 ἑκάστῳ
2550 1836 2656 1902 διὰ
2683 1838 2759 1902 τὸ

343 1939 457 2018 τῆς
489 1936 743 2023 φύσεως
773 1939 1237 2029 ἅπερίνγραφον,
1271 1941 1344 2007 οὗ
1375 1943 1541 2007 κατὰ
1570 1939 1737 2027 μέρη
1779 1940 2232 2028 διαιρούμενος.
2321 1939 2639 2023 ἀναγκαία
2687 1939 2758 2006 δὲ

343 2042 453 2107 καὶ
484 2042 522 2124 ἦ
556 2049 672 2110 τοῦ
704 2051 718 2079 ‘
741 2046 820 2111 τά
857 2046 1077 2113 πιῖντα
1099 2048 1112 2072 ’
1145 2046 1507 2132 προσθήκη,
1542 2045 1901 2115 δεικνύντος
1931 2045 2030 2111 ὅτι
2063 2046 2131 2109 ἐν
2160 2042 2366 2111 πᾶσίν
2397 2045 2576 2110 ἐστιν
2605 2042 2756 2116 ’ὅλος

344 2143 429 2210 ὧν
458 2146 524 2210 ἐν
556 2146 815 2234 ἑκάστῳ
843 2148 1075 2216 καθότι
1104 2150 1189 2215 ἄν
1218 2176 1316 2220 τις
1346 2148 1723 2230 ἐννοήσειεν,
1759 2148 1883 2213 εἴτε
1926 2146 2117 2238 οὐσίᾳ
2148 2148 2274 2212 εἴτε
2314 2147 2595 2236 ἐνεργείᾳ
2630 2148 2755 2213 εἴτε

342 2246 605 2330 δυνάμει
628 2250 755 2317 εἴτε
785 2251 1049 2342 ἐξουσίᾳ
1080 2253 1207 2318 εἴτε
1235 2251 1363 2338 ὅτῳ
1395 2250 1638 2333 δήποτε
1669 2250 1880 2338 ἑτέρῳ,
1915 2249 2024 2316 διὰ
2051 2250 2126 2315 τὸ
2153 2249 2317 2314 κατὰ
2347 2250 2564 2316 πάντα
2592 2248 2754 2317 εἶναι
2789 2276 2859 2343 ¹5

339 2350 533 2419 αὑτὸν
583 2350 1047 2444 ἅπερίγραφον·
1108 2356 1219 2422 καὶ
1281 2355 1390 2421 διὰ
1449 2357 1644 2420 τοῦτο
1696 2354 1764 2419 ἐν
1811 2350 2070 2442 ἑκάστῳ
2115 2351 2271 2420 ὅλον
2316 2352 2486 2420 κατὰ
2535 2353 2755 2421 πάντα

533 2615 562 2665 3
598 2600 1159 2669 incircumscriptionem
1198 2602 1346 2654 C‘H

404 2843 450 2877 α.
517 2829 603 2879 hoc
644 2837 726 2889 est,
774 2832 860 2881 ‘in
905 2835 1132 2883 omnibus
1157 2837 1341 2900 plenus
1372 2843 1441 2885 cst
1459 2835 1493 2898 ’]

336 2909 431 2961 Th.
463 2913 535 2973 (1)
552 2914 695 2962 takes
719 2915 802 2965 the
827 2917 991 2967 clause
1012 2915 1497 2981 τοῦ...πληρουμένου

335 2998 390 3040 to
420 2993 547 3041 reser
580 2995 738 3043 either
772 3005 824 3044 to
848 2997 964 3046 God
997 2999 1081 3048 the
1106 2999 1263 3049 Word
1296 3016 1352 3049 or
1387 3016 1495 3065 per·

337 3072 463 3136 haps
491 3076 658 3124 rather
689 3077 772 3137 (cs.
803 3079 888 3128 the
911 3095 1094 3128 comm.
1119 3096 1185 3130 on
1210 3081 1321 3131 Col.
1354 3082 1386 3130 i.
1418 3079 1495 3149 19)

335 3161 389 3203 to
420 3155 505 3204 the
533 3158 716 3206 Father
732 3176 748 3218 ς
785 3160 869 3207 the
901 3159 1046 3211 latter
1078 3162 1119 3211 is
1151 3164 1387 3228 certainly
1412 3165 1497 3214 the

334 3238 458 3287 view
484 3239 542 3287 of
568 3239 724 3289 Thdt.
760 3239 959 3304 (ταύτην
991 3243 1071 3303 [sc.
1101 3242 1191 3303 τήν
1212 3246 1496 3308 ἐκκλησίαν]

333 3322 724 3382 προσηγόρευσεν
759 3324 847 3371 τοῦ
876 3328 965 3382 μὲν
1002 3326 1216 3387 Χριστοῦ
1252 3326 1407 3387 σῶμα.
1439 3331 1494 3379 τὸ

334 3402 387 3449 δὲ
428 3404 646 3465 πατρὸς
690 3407 993 3466 πλήρωμα)
1051 3410 1150 3457 and
1199 3411 1494 3460 Severianus

335 3483 377 3540 (Ρ
412 3498 495 3546 ap.
539 3484 763 3540 Cramer,
806 3486 871 3534 vi.
926 3491 1064 3549 1281:
1124 3492 1363 3551 πλήρωμα
1408 3492 1497 3541 τοῦ

333 3561 443 3611 θεοῦ
479 3566 613 3626 λέγει
650 3569 707 3615 τὸ
749 3570 889 3627 σῶμα
927 3569 1014 3618 τοῦ
1049 3573 1494 3633 Χριστοῦ...έπειδή

333 3649 717 3709 πεπλήρωται
775 3650 932 3701 θεοῦ.
1023 3652 1090 3718 (2)
1151 3656 1236 3704 He
1291 3657 1492 3719 regards

332 3726 638 3788 πληροῦσθαι
692 3747 747 3780 as
776 3753 820 3773 =
843 3736 1031 3795 πλήρης
1085 3738 1220 3793 εἶναι,
1277 3739 1375 3786 and
1432 3737 1495 3787 τὰ

333 3812 494 3858 πάντα
534 3827 588 3859 as
628 3813 798 3877 nearly
837 3815 1119 3878 equivalent
1167 3827 1218 3866 to
1263 3821 1388 3876 ὅλος,
1435 3837 1491 3869 so

333 3893 440 3942 that
489 3894 573 3943 the
618 3894 783 3944 clause
829 3897 932 3945 will
987 3914 1165 3948 mean:
1230 3901 1368 3949 ‘who
1423 3903 1491 3965 by

329 3973 488 4023 virtue
506 3974 563 4022 os
582 3976 679 4023 His
697 3976 1070 4040 omnipresence
1093 3980 1136 4028 is
1160 3979 1210 4027 in
1233 3981 1300 4029 all
1325 3982 1490 4043 things

331 4052 453 4101 with
477 4054 561 4102 the
586 4054 767 4103 fulness
790 4055 848 4104 os
874 4058 971 4106 His
996 4059 1278 4110 indivisible
1303 4061 1489 4127 Deity.’

330 4137 486 4186 Thdt.
525 4154 696 4201 agrees
725 4141 845 4189 with
888 4143 986 4191 this
1024 4146 1400 4209 interpretation
1438 4147 1496 4195 os

330 4221 677 4280 πληρουμένου,
733 4221 820 4270 but
878 4225 1044 4273 would
1099 4226 1227 4275 limit
1279 4229 1363 4276 the
1416 4244 1487 4277 re·

328 4299 523 4350 ference
553 4300 611 4349 os
638 4300 702 4349 τοὶ
727 4303 890 4352 πάντα
914 4313 966 4353 to
991 4306 1076 4354 the
1110 4307 1195 4357 life
1229 4315 1282 4356 to
1315 4325 1487 4358 come:

329 4383 453 4429 κατὰ
478 4382 563 4430 τὸν
594 4384 812 4442 παρόντα
839 4386 947 4446 βίον
980 4386 1031 4433 ἐν
1063 4387 1212 4435 πᾶσιν
1237 4389 1324 4444 μέν
1357 4391 1491 4436 ἐστιν

326 4460 351 4509 ὀ
380 4464 497 4512 θεός·
536 4464 899 4526 ἀπερίγραπτον
930 4465 1027 4529 ’γσῖρ
1062 4470 1165 4527 ἔχει
1198 4468 1287 4526 τὴν
1324 4472 1486 4530 φύσιν·

328 4547 389 4591 οὑ
441 4546 632 4593 πάντα
685 4548 743 4595 δὲ
791 4549 838 4595 ἐν
886 4550 1048 4607 πᾶσιν,
1099 4549 1268 4608 ἐπειδὴ
1313 4552 1355 4598 02
1398 4554 1487 4609 μὲν

1495 2615 1553 2651 ιο
1574 2616 1652 2666 sq.
1688 2598 1845 2651 Coisl.
1871 2614 1982 2664 204,
2012 2600 2046 2650 f.
2075 2598 2132 2651 61
2160 2600 2195 2651 b
2219 2600 2327 2664 [Cr.
2352 2602 2416 2652 vi.
2449 2602 2579 2669 ¹²9]-

1598 2851 1916 2911 δυσσεβοΰσιν
1960 2852 2004 2899 ol
2037 2851 2090 2900 δὲ
2123 2854 2480 2913 παρανομοῦσιν
2489 2892 2605 2903 ......
2613 2855 2665 2903 ἐν
2704 2856 2756 2904 δέ

1596 2949 1659 2994 γε
1687 2935 1761 2994 τῷ
1784 2937 2015 2993 μέλλοντι
2047 2939 2140 2998 βίῳ
2171 2938 2256 2995 τῆς
2285 2935 2576 2997 θνητότητος
2606 2955 2752 2987 παυο·

1593 3016 1734 3075 μένης
1767 3017 1850 3064 καὶ
1881 3018 1967 3076 τῆς
2001 3017 2261 3066 ἀθανασίας
2289 3020 2646 3080 χορηγουμένης
2673 3020 2752 3067 καὶ

1594 3099 1681 3157 τῆς
1734 3095 1972 3159 α’μαρτίας
2035 3099 2118 3146 οὐκ
2167 3099 2238 3146 ἔτι
2294 3100 2459 3159 χώραν
2528 3102 2752 3161 ἐχούσης,

1594 3181 1758 3227 πάντα
1790 3181 1840 3228 ἐν
1875 3179 2027 3227 πᾶσιν
2055 3181 2192 3228 ἔσται
2217 3180 2477 3244 [referring
2499 3190 2551 3230 to
2580 3199 2597 3231 1
2630 3183 2745 3232 Cor.

1593 3274 1676 3306 xv.
1725 3261 1802 3319 28,
1869 3261 1969 3308 and
2025 3260 2103 3309 his
2158 3276 2272 3309 own
2327 3277 2510 3311 comm.
2568 3261 2744 3324 there].

1596 3341 1668 3402 (3)
1704 3341 1836 3389 Both
1861 3341 1959 3388 Th.
1992 3341 2091 3389 and
2119 3341 2272 3389 Thdt.
2302 3342 2478 3405 regard
2509 3344 2750 3405 πλήρωμα

1592 3436 1648 3467 as
1704 3420 1897 3483 passive
1952 3418 2023 3483 (z
2043 3423 2099 3469 τὸ
2158 3422 2578 3480 πεπληρωμένον),
2636 3424 2750 3472 thus

1593 3501 1777 3565 widely
1814 3502 2044 3565 differing
2088 3502 2214 3551 srom
2261 3503 2456 3567 Chrys,
2507 3505 2620 3554 who
2665 3522 2749 3555 ex-

1592 3582 1783 3646 plains:
1819 3585 2086 3638 τουτέστιν,
2126 3585 2222 3632 οἷον
2255 3585 2449 3645 κεφαλὴ
2478 3585 2749 3649 πληροῦται

1592 3665 1728 3729 παρὰ
1766 3667 1852 3714 τοῦ
1888 3668 2445 3725 σώματος.-Ι,ειηῑταῃο
2485 3671 2606 3720 cites
2651 3673 2750 3722 this

1591 3764 1798 3812 passage
1854 3749 1995 3798 thus:
2063 3751 2203 3798 “hoc
2250 3760 2338 3811 est,
2397 3753 2473 3800 ‘in
2518 3754 2750 3804 omnibus

1591 3829 1768 3892 plenus
1818 3828 1926 3878 est.'
2010 3832 2286 3879 necessario
2342 3841 2509 3881 autem
2564 3835 2748 3883 adiecit

1588 3909 1775 3967 omnia,
1811 3911 2078 3958 ostendens
2111 3918 2242 3959 totus
2272 3913 2480 3961 existere
2511 3913 2563 3961 in
2587 3916 2747 3962 omni-

1588 3989 1684 4037 bus
1739 4000 1887 4053 prout
1942 3992 2052 4055 quis
2096 3991 2316 4054 cogitare
2362 3993 2592 4053 uoluerit,
2642 3995 2747 4045 siue

1589 4073 1803 4119 essentia
1848 4071 1951 4121 siue
1997 4073 2339 4136 inoperatione
2378 4075 2483 4123 siue
2530 4075 2655 4135 [siue
2696 4076 2747 4125 in

1585 4152 1685 4212 ed.]
1721 4152 1958 4202 uirtute.”
2028 4154 2074 4203 It
2108 4154 2213 4202 will
2258 4155 2319 4204 be
2360 4156 2601 4205 observed
2639 4159 2746 4207 that

1590 4234 1649 4280 L.
1687 4249 1894 4282 concurs
1931 4235 2175 4284 with.the
2217 4237 2316 4285 Gk.
2355 4237 2535 4303 ofoethe
2570 4248 2747 4288 eatena

1586 4314 1637 4361 in
1670 4315 1903 4378 omitting
1926 4316 1980 4363 in
2004 4318 2227 4365 omnibus
2258 4318 2382 4366 aster
2410 4321 2608 4369 omnia:
2645 4322 2745 4370 and

1587 4394 1687 4442 this
1712 4395 1751 4443 is
1775 4411 1805 4443 a
1827 4396 2032 4444 distinct
2056 4398 2173 4460 gain
2199 4405 2252 4446 to
2276 4399 2360 4447 the
2384 4415 2542 4449 sense.

1653 4491 1700 4537 5.
1769 4478 1989 4540 quando]
2005 4480 2317 4541 :quonianu
2343 4498 2424 4530 see
2448 4484 2549 4531 Gk.
