3293 5233
314 425 365 490 Ι.
407 440 499 508 15,
541 427 661 512 16.]

1133 440 1214 490 IN
1263 440 1368 491 ΕΡ.
1412 438 1517 489 ΑΙ)
1561 438 1935 490 EPHESIOS.

2605 432 2719 502 135

422 623 689 696 propter
728 611 841 676 hoc
879 623 944 676 et
981 633 1092 696 ego
1132 611 1406 676 audiens
1447 611 1631 675 illam
1676 631 1839 692 quae
1873 621 1970 674 est
2006 609 2348 673 secundum
2378 629 2492 672 uos
2516 606 2724 692 fidem

311 711 384 775 in
411 713 670 777 domino
697 712 849 777 Iesu
886 724 951 777 et
979 712 1318 777 caritatem
1362 734 1559 795 quam
1598 712 1848 776 habetis
1890 712 1962 775 in
1989 711 2286 776 omnibus
2310 710 2567 786 sanctis,
2599 730 2724 772 non

307 836 470 881 cesso
486 818 756 900 gratias
781 838 979 900 agens
993 828 1120 900 pro
1149 817 1342 892 uobis,
1373 816 1754 879 memoriam
1795 815 2000 878 uestri
2025 815 2287 897 faciens
2315 814 2387 878 in
2414 812 2724 877 orationi-

315 921 432 986 bus
461 922 636 985 meis.

442 1035 619 1119 †hoc
665 1048 892 1103 autem
938 1037 1305 1103 necessarie
1349 1038 1634 1115 adiecit;
1682 1056 1816 1101 non
1858 1037 2074 1101 solum
2120 1046 2396 1120 propter
2435 1056 2568 1111 eOS,
2607 1035 2723 1098 sed

315 1151 390 1205 ut
426 1162 510 1205 ne
546 1141 1041 1206 existimaretur
1080 1143 1259 1224 quod
1306 1142 1614 1206 incusans
1660 1140 1845 1204 illam
1893 1162 2094 1223 quam
2137 1148 2530 1223 acceperant
2570 1140 2727 1203 doc-

315 1243 578 1318 trinam,
647 1263 838 1307 suam
901 1243 1104 1306 uellet
1171 1243 1373 1307 abuti.

1477 1243 1737 1307 etiamsi
1801 1264 1934 1306 non
2000 1242 2332 1306 Iohannes
2391 1240 2535 1318 illis,
2611 1241 2727 1304 sed

315 1343 481 1408 alter
529 1345 766 1427 aliquis
803 1346 1218 1427 praedicator
1276 1344 1541 1426 pietatis
1594 1344 1843 1420 fuisset,
1887 1345 2001 1427 qui
2049 1344 2344 1407 ueritatis
2410 1344 2731 1425 dogmata

314 1448 445 1511 illis
475 1449 858 1525 tradiderat,
889 1449 1259 1512 necessaria
1292 1457 1431 1511 erat
1468 1445 1816 1512 adiectio*
1908 1457 1975 1511 et
2005 1449 2322 1530 quoniam
2369 1446 2545 1509 dixit
2592 1465 2727 1508 non

318 1550 534 1612 solum
585 1549 835 1631 gratias
888 1571 959 1613 se
1004 1571 1217 1632 agere,
1263 1550 1378 1612 sed
1413 1559 1481 1613 et
1526 1570 1715 1613 orare
1763 1570 1885 1632 pro
1936 1551 2047 1625 εἰς,
2088 1549 2291 1612 adicit
2335 1549 2548 1629 ipsam
2587 1567 2727 1609 ora·
2766 1560 2846 1608 10

321 1653 571 1715 tionem
625 1673 799 1735 quae
851 1653 1149 1716 continet
1200 1654 1570 1716 doctrinam
1622 1655 2160 1717 conuenientium
2215 1652 2357 1727 illis,
2409 1673 2612 1735 quam
2666 1663 2735 1716 et

322 1758 527 1839 ipsius
558 1757 875 1820 orationis
906 1758 1277 1840 explanans
1308 1756 1752 1820 narrationem
1785 1756 2124 1840 publicare
2154 1757 2416 1820 uidetur
2442 1781 2455 1819 :

453 1916 530 1969 ut
555 1907 737 1970 Deus
763 1907 1017 1971 domini
1044 1907 1254 1971 nostri
1279 1907 1428 1970 Iesu
1463 1905 1732 1984 Christi,
1763 1909 1973 1971 Pater
1986 1909 2257 1991 gloriae.

451 2030 559 2095 hic
589 2033 883 2097 ostendit
912 2033 1227 2116 quoniam
1264 2033 1508 2098 Christi
1544 2034 1766 2098 Deum
1799 2036 1976 2110 dicit,
2012 2047 2396 2119 susceptum
2430 2036 2733 2100 indicans

326 2131 684 2197 hominem.
738 2140 753 2166 ‘
779 2134 1000 2197 Deum
1023 2133 1037 2159 ’
1070 2135 1247 2198 enim
1279 2137 1504 2199 dicens
1541 2135 1853 2213 ‘Christi‚’
1888 2136 2209 2201 ‘Patrem'
2243 2160 2400 2202 uero
2431 2137 2737 2221 ‘gloriae,'
2773 2159 2844 2227 15

329 2257 410 2299 eo
440 2237 620 2317 quod
653 2245 721 2300 et
750 2238 1164 2300 consuetudo
1195 2247 1296 2300 est
1326 2238 1386 2300 ei
1417 2238 1668 2320 gloriae
1700 2258 1943 2302 nomen
1977 2260 2134 2318 erga
2163 2240 2462 2303 diuinam
2495 2260 2740 2322 ponere

460 2467 655 2530 τοῦτο
706 2461 1070 2548 ἀναγκαίως
1120 2463 1581 2550 προστέθεικεν
1627 2463 1743 2530 οῦκ
1790 2463 2008 2530 αὐτῶν
2056 2464 2254 2547 μόνον
2306 2463 2529 2539 ἕνεκεν,
2584 2462 2741 2530 ἀλλ’

331 2565 501 2634 ὥστε
539 2567 647 2634 καὶ
679 2566 767 2649 μὴ
810 2566 1033 2644 δοκεῖν,
1066 2566 1591 2654 ἐπιμεμφόμενον
1637 2567 1733 2639 οἷς
1771 2567 1896 2651 ἤδη
1942 2567 2349 2654 παρέλαβον,
2378 2568 2745 2658 κεχρῆσθαι

330 2674 413 2756 τῇ
441 2672 604 2759 πρὸς
642 2669 873 2740 αὐτοὺς
913 2669 1326 2758 διδασκαλίᾳ.
1416 2671 1475 2737 εἰ
1515 2671 1643 2755 γὰρ
1692 2671 1801 2737 καὶ
1844 2671 1933 2754 μὴ
1980 2670 2282 2752 Ἰωάννης·
2328 2670 2483 2736 ἀλλ’
2535 2670 2745 2757 ἕτερός

330 2802 430 2846 τις
456 2777 585 2841 τῶν
612 2772 951 2853 εὐσέβειαν
982 2772 1426 2860 κηρυττόντων
1457 2771 1531 2856 ἦν
1560 2773 1595 2839 ὁ
1628 2772 1713 2840 τὰ
1741 2777 1856 2856 τῆς
1879 2772 2186 2857 ἀληθείας
2209 2773 2495 2857 δόγματα
2529 2770 2744 2842 αὐτοῖς
2771 2788 2859 2838 20

332 2876 681 2965 παραδούς,
712 2875 1035 2960 ἀναγκαία
1063 2875 1100 2957 ἦ
1132 2876 1490 2963 προσθήκη.

435 3042 462 3092 7
496 3044 586 3080 sua
613 3029 658 3078 C
677 3025 823 3092 (corr)
989 3030 1020 3078 8
1052 3028 1239 3092 dogma
1255 3028 1322 3077 H

343 3130 399 3179 17
435 3118 742 3181 προτέθεικεν
762 3116 895 3178 cod„
923 3116 1005 3166 Fr.

1482 3044 1540 3092 14
1574 3029 1783 3081 Domini
1807 3031 1922 3095 (sor
1944 3031 2131 3092 Deum)
2162 3032 2207 3081 C

2356 3029 2415 3080 16
2448 3030 2620 3079 divina
2648 3031 2753 3079 CH

337 3241 514 3292 firmed
544 3243 613 3304 by
634 3241 726 3300 113
759 3240 848 3290 but
882 3241 968 3290 the
996 3242 1274 3291 correction
1306 3242 1331 3290 1
1362 3243 1492 3293 have
1591 3228 1627 3277 ¹·
1662 3244 1733 3288 ¹¹2
1763 3236 1897 3278 nole·

338 3323 485 3374 made
508 3338 668 3372 seems
690 3332 743 3372 to
765 3322 830 3371 be
851 3323 1079 3387 required
1103 3324 1171 3387 by
1192 3323 1278 3373 the
1300 3340 1458 3374 sense.

411 3422 449 3455 1.
522 3419 647 3468 quae
663 3409 731 3451 est
747 3402 1011 3451 secundum
1035 3419 1121 3451 uos
1132 3403 1208 3465 f.]
1274 3408 1364 3466 τὴν
1385 3402 1494 3452 καθ’

338 3484 460 3543 ὑμᾶς
488 3502 541 3532 π.
609 3483 722 3532 The
749 3482 896 3532 Latin
919 3483 1211 3533 authorities
1235 3483 1330 3532 less
1352 3500 1494 3533 accu-

339 3564 498 3626 rately
542 3563 739 3618 render,
786 3561 982 3611 “fidem
1027 3561 1296 3620 uestram‚”
1348 3566 1377 3590 ‘⁸
1396 3562 1496 3613 fide

340 3644 555 3696 uestra.”
627 3645 696 3695 So
728 3643 833 3707 just
865 3645 1046 3702 belour,
1076 3645 1241 3694 where
1271 3645 1358 3694 the
1390 3661 1497 3694 ver-

340 3729 473 3777 sions
509 3728 637 3777 have
672 3727 860 3790 merely
895 3724 1246 3775 “caritatem”
1275 3742 1333 3775 or
1374 3726 1498 3773 “di-

339 3809 659 3870 lectionem,”
704 3824 797 3859 our
840 3809 1104 3858 translator
1138 3809 1180 3856 is
1218 3807 1404 3857 caresul
1443 3816 1498 3856 to

341 3894 487 3958 bring
508 3900 595 3942 out
626 3892 711 3941 the
741 3907 882 3941 sense
904 3890 964 3940 os
991 3891 1077 3940 the
1107 3890 1295 3939 second
1325 3888 1497 3938 article

343 3971 452 4036 (τὴν
491 3975 689 4034 ἀγάπην
727 3974 816 4031 τήν
851 3974 933 4028 εἰς,
966 3974 1149 4032 κ.τ.λ.,
1192 3972 1496 4020 “caritatem

342 4073 495 4122 quam
514 4054 764 4114 habetiS‚”
788 4056 920 4116 δια).
984 4055 1068 4104 On
1091 4056 1176 4105 the
1197 4055 1344 4104 other
1362 4054 1497 4104 hand

340 4140 407 4190 he
435 4140 636 4201 betrays
663 4136 743 4186 his
777 4136 1096 4185 indifference
1129 4151 1184 4184 as
1215 4143 1269 4184 to
1302 4134 1388 4184 the
1411 4151 1497 4185 use

342 4220 401 4271 os
428 4220 513 4269 the
550 4217 698 4266 Latin
735 4231 888 4277 caseS,
928 4215 1191 4280 rendering
1220 4216 1288 4265 εἰς
1314 4212 1496 4276 avions,

349 4303 453 4352 “in
477 4298 713 4351 sanctis.”

412 4398 454 4448 7.
527 4381 720 4430 etiamsi
756 4394 857 4428 non
892 4378 1161 4441 Iohannes]
1226 4376 1410 4442 Comp.
1447 4393 1499 4442 p.

350 4480 456 4528 115,
486 4464 519 4512 l.
553 4479 593 4520 1,
620 4469 756 4511 note.

419 4564 492 4608 ¹4·
566 4542 756 4593 Christi
775 4542 957 4600 Deum,
981 4537 1093 4603 δια]
1118 4539 1296 4603 Comp.
1320 4554 1367 4603 p.
1393 4554 1499 4596 120,

1665 3309 1741 3360 16.
1806 3309 2096 3359 consuetudo
2114 3317 2181 3358 est
2201 3308 2260 3367 ei,
2285 3308 2401 3370 &c.]
2457 3307 2536 3358 Cf.
2561 3308 2747 3358 Thdt.:

1592 3387 1679 3439 τᾶν
1700 3389 1798 3451 γάρ
1819 3387 1966 3439 αὐτὸν
1988 3389 2074 3439 τοῦ
2097 3388 2244 3439 αὑτοῦ
2264 3389 2342 3439 καὶ
2367 3386 2494 3437 θεὸν
2520 3388 2749 3438 ἐκάλεσεν

1596 3474 1679 3520 καὶ
1731 3473 1983 3531 πατέρα.
2053 3468 2181 3518 θεὸν
2232 3472 2320 3529 μὲν
2375 3469 2436 3519 ὡς
2481 3469 2745 3532 ἀνθρώπου,

1598 3557 1827 3617 πατέρα
1860 3556 1910 3603 δὲ
1941 3554 1999 3603 ὡς
2024 3553 2149 3601 θεοῦ·
2188 3554 2357 3612 δόξαν
2383 3553 2481 3614 γὰρ
2503 3557 2591 3614 τὴν
2617 3554 2747 3601 θείαν

1601 3638 1747 3695 φύσιν
1787 3636 2033 3692 ὠνόμασεν
2052 3634 2247 3697 [citing,
2279 3634 2382 3683 like
2405 3634 2520 3694 Th„
2552 3634 2689 3683 lleb.
2714 3634 2748 3681 i.

1604 3717 1674 3778 3]-
1741 3717 1863 3764 And
1897 3724 1951 3765 to
1982 3714 2068 3765 the
2106 3730 2244 3764 same
2277 3714 2421 3763 effect
2455 3714 2753 3764 Severianus

1603 3801 1711 3862 (Cr.
1747 3800 1811 3849 vi.
1852 3814 1904 3862 p.
1948 3800 2183 3861 127—8):
2218 3800 2392 3857 δόξαν
2432 3798 2482 3845 δὲ
2518 3798 2753 3847 πολλάκις

1597 3881 1628 3939 ἠ
1653 3881 1824 3942 γραφή
1846 3882 1982 3941 λέγει
2003 3876 2151 3938 αὐτὴν
2171 3880 2262 3927 τοῦ
2282 3881 2391 3927 θεοῦ
2411 3880 2501 3935 τὴν
2524 3880 2746 3928 οὐσίαν...

1598 3964 1737 4023 λέγει
1761 3963 1811 4010 δὲ
1837 3960 2051 4009 Παῦλος·
2083 3961 2141 4008 ὃς
2172 3959 2243 4007 ὢν
2267 3960 2632 4018 ἀπαύγασμα
2655 3960 2754 4015 τῆς

1599 4043 1780 4100 δόξης·
1817 4041 1958 4090 ποίας
1980 4041 2149 4098 δόξηςς
2184 4039 2292 4099 καὶ,
2327 4040 2631 4099 χαρακτὴρ
2656 4035 2754 4096 τῆς

1600 4123 1981 4173 ὑποστάσεως
2021 4122 2180 4170 αὐτοῦ.
2223 4117 2468 4169 κάνταῦθα
2503 4122 2658 4169 τοίνυν
2697 4124 2754 4170 τὸ

1597 4211 1687 4267 μὲν
1726 4208 1852 4256 θεὸς
1881 4203 1983 4255 τοῦ
2018 4223 2057 4255 κ.
2096 4206 2152 4256 Ἰ.
2195 4206 2274 4264 X„
2309 4204 2436 4252 κατὰ
2468 4203 2562 4261 τήν
2597 4203 2756 4263 σάρκα

1600 4294 1757 4351 λέγει·
1811 4291 1870 4337 τὸ
1916 4291 1966 4338 δὲ
2012 4285 2205 4350 πατὴρ
2252 4289 2353 4345 τῆς
2403 4287 2582 4345 δόξης,
2631 4287 2756 4334 κατὰ

1598 4372 1691 4430 τήν
1720 4371 1884 4430 φύσιν.
1951 4368 2075 4417 This
2099 4366 2472 4430 interpretation
2499 4364 2598 4413 had
2627 4364 2756 4414 been

1602 4450 1907 4516 anticipated
1941 4451 2011 4513 by
2046 4450 2233 4497 Athan.
2271 4447 2371 4496 and
2407 4447 2556 4508 Greg.
2599 4445 2756 4504 Naz.;

1605 4550 1689 4584 see
1721 4533 1908 4590 Suiccr‚
1944 4532 1974 4580 ἰ.
2004 4548 2115 4594 944.
2185 4529 2361 4591 ChryS.
2399 4544 2466 4577 on
2497 4528 2582 4577 the
2615 4527 2757 4577 other

2801 1038 2833 1106 5
