3293 5233
415 26 610 35 -V-a--q-
625 17 1426 36 -u-fi-*u———Wn-—um--u
1448 17 1898 25 Ἷ---------------.γ.,-..,.-η,ἶἼ
1935 19 1970 20 77

523 448 548 496 1
569 432 642 496 18
1172 441 1628 493 THEODORUS
1676 437 2260 492 MOPSUESTENUS
2662 422 2741 506 [Ι.
2782 438 2836 501 1,
2872 439 2936 486 2.

517 614 960 679 adiectionem
1036 612 1194 678 facit
1253 623 1369 677 aut
1428 613 1960 687 minorationem,
2021 620 2241 674 utrum
2308 607 2643 671 Iohannes
2701 607 2942 671 beatus

519 717 933 798 euangelista
994 715 1305 798 Ephesiis
1366 716 1671 779 uideatur
1729 722 1885 777 ante
1947 713 2086 775 eius
2145 710 2400 774 litteras
2461 707 2662 773 fidem
2738 706 2943 771 tradi-

519 818 713 893 disse,
759 812 980 899 utrum
1034 815 1201 880 alter
1244 816 1485 899 aliquis
1530 818 1631 892 sit,
1686 816 1801 898 qui
1853 812 2180 896 Ephesios
2227 815 2311 877 ad
2360 812 2606 877 Christi
2653 811 2945 892 adduxit

523 918 997 982 credulitatem.
1089 928 1351 983 tantum
1381 940 1540 982 uero
1573 919 1832 982 adicere
1876 918 2071 981 dictis
2118 916 2272 979 uolo
2309 917 2625 999 quoniam
2659 917 2941 980 multam

459 1024 979 1100 Sdifficultatem
1034 1021 1178 1103 ipsa
1231 1021 1514 1103 epistola
1562 1022 1763 1085 etiam
1817 1020 1884 1083 in
1931 1020 2150 1082 uerbis
2195 1019 2438 1082 habere
2483 1020 2803 1096 uideatur,
2850 1021 2946 1083 ita

525 1137 599 1190 ut
629 1127 1058 1207 interpretare
1089 1142 1237 1185 eam
1270 1122 1538 1198 uolenti,
1573 1142 1708 1185 non
1740 1120 1930 1185 facile
1968 1122 2054 1184 sit
2092 1120 2517 1183 manifestum
2557 1120 2697 1182 eius
2728 1120 2943 1182 facere

525 1245 809 1290 sensum.
885 1224 1011 1287 hac
1052 1225 1136 1286 de
1178 1244 1378 1286 causa
1419 1225 1748 1306 optimum
1800 1243 1944 1286 esse
1992 1222 2347 1285 arbitratus
2379 1240 2524 1282 sum
2558 1239 2691 1282 non
2724 1218 2941 1281 solum

525 1346 792 1389 omnem
849 1325 1456 1406 interpretationem
1511 1345 1850 1407 exponere
1904 1325 2273 1398 uerborum,
2328 1324 2443 1385 sed
2506 1330 2574 1384 et
2633 1321 2778 1401 ipsa
2826 1320 2943 1382 ob·

527 1439 716 1493 scura
783 1429 986 1492 uerba
1061 1428 1506 1509 interpretare,
1572 1430 1682 1491 ubi
1760 1429 1824 1491 id
1904 1426 2042 1490 fieri
2118 1446 2221 1488 res
2289 1428 2519 1508 exigit.
2608 1429 2702 1490 sic
2761 1425 2941 1489 enim

424 1548 502 1596 10
529 1533 947 1615 perspicuum
1010 1533 1134 1594 erit
1186 1532 1366 1594 omni
1433 1531 1681 1594 uolenti
1746 1532 2073 1594 discutere
2134 1527 2308 1592 hanc
2360 1532 2768 1613 scripturam,
2812 1548 2946 1610 quo

529 1637 741 1719 possit
793 1635 1164 1698 intellectus
1213 1634 1560 1716 apostolici
1611 1655 1843 1698 sensus
1896 1634 2280 1716 perspicuus
2324 1633 2592 1711 haberi3
2646 1636 2824 1715 quod
2880 1643 2949 1697 et

529 1737 1142 1821 praehonorabilius
1195 1738 1505 1801 omnibus
1553 1758 1697 1801 esse
1751 1737 2067 1799 existimo
2116 1747 2184 1800 et
2231 1747 2393 1819 opto
2443 1739 2508 1801 id
2559 1738 2841 1813 euenire,
2894 1736 2948 1798 si

530 1854 755 1906 tamen
790 1842 854 1905 id
889 1841 1241 1923 contigerit
1278 1840 1470 1904 nobis
1519 1862 1637 1923 per
1681 1842 1977 1905 diuinam
2024 1841 2309 1920 gratiam
2357 1862 2552 1923 posse
2597 1844 2950 1924 proueniri,

533 1957 607 2010 ut
680 1947 1021 2010 euidenter
1094 1964 1361 2007 sensum
1435 1945 1875 2026 apostolicum
1952 1946 2208 2007 cunctis
2282 1946 2660 2009 uolentibus
2735 1945 2950 2028 legere

427 2066 500 2132 15
534 2047 961 2129 publicemus,

663 2208 921 2269 Paulus
985 2207 1302 2287 apostolus
1353 2206 1501 2268 Iesu
1567 2206 1816 2271 Christi
1869 2217 1994 2287 per
2052 2208 2445 2270 uoluntatem
2505 2210 2649 2283 Dei,
2709 2212 2953 2274 sanctis

533 2308 827 2371 omnibus
854 2308 970 2389 qui
995 2317 1151 2369 sunt
1177 2307 1417 2387 Ephesi
1441 2318 1506 2369 et
1512 2308 1824 2390 fidelibus
1864 2307 1935 2369 in
1982 2305 2237 2369 Christo
2267 2307 2415 2369 Iesu
2443 2331 2466 2369 .·
2499 2308 2733 2389 gratia
2770 2311 2951 2372 uobis

534 2422 598 2473 et
607 2421 752 2491 pax
775 2431 818 2471 a
846 2410 983 2472 Deo
997 2420 1193 2491 patre
1223 2421 1435 2472 nostro
1462 2421 1527 2472 et
1552 2411 1809 2473 domino
1839 2409 1985 2471 Iesu
2023 2409 2293 2473 Christe.

665 2539 786 2622 †in
816 2542 919 2606 his
966 2553 1033 2606 et
1078 2543 1348 2626 quidem
1397 2545 1761 2607 secundum
1805 2545 2352 2607 consuetudinem
2396 2566 2583 2607 suam
2628 2544 2948 2628 epistolae

429 2670 513 2715 20
540 2644 1017 2726 praefationem
1068 2666 1564 2709 consummasse
1608 2648 1889 2724 uidetur,
1934 2646 2148 2709 simile
2192 2648 2442 2729 aliquid
2486 2647 2733 2710 faciens
2777 2647 2950 2709 illius

539 2750 1037 2813 consuetudinis
1112 2770 1285 2832 quae
1361 2761 1461 2814 est
1536 2751 1713 2832 apud
1793 2769 1960 2825 nos;
2028 2770 2181 2813 cum
2243 2752 2419 2814 enim
2484 2772 2605 2813 nos
2667 2752 2952 2814 scribere

543 2852 865 2928 uolumuS‚
901 2853 1212 2915 dicimus:
1259 2852 1402 2914 ‘ille
1437 2853 1527 2914 illi
1563 2852 1846 2915 salutem
1868 2850 1941 2916 '.*
2898 2869 2901 2870 ’

678 3099 747 3163 ἐν
798 3097 1008 3182 τούτῳ
1054 3095 1222 3162 κατὰ
1266 3096 1339 3161 τὸ
1384 3095 1598 3166 εἰωθὸς
1642 3094 1818 3182 αὐτῷ
1862 3099 1973 3176 τῆς
2019 3096 2369 3176 ἐπιστολῆς
2415 3097 2530 3176 τὴν
2573 3095 2959 3184 προγραφὴν

547 3201 993 3288 συνεπὲρανεν·
1025 3198 1499 3284 παραπλήσιόν
1528 3226 1591 3264 τι
1623 3202 1702 3284 τῇ
1733 3197 1888 3284 παρ’
1920 3197 2073 3279 ἡμῖν
2103 3199 2412 3288 συνηθείᾳ.
2438 3203 2657 3264 ποιῶν·
2691 3197 2771 3269 ὥς
2802 3196 2959 3264 ὅταν

549 3303 1045 3373 ἐπιστέλλοντες
1075 3302 1366 3385 λένγομεν,
1399 3311 1413 3333 ‘
1433 3301 1466 3367 ὁ
1503 3301 1676 3366 δεῖνα
1707 3306 1798 3388 τῷ
1827 3300 1981 3366 δεῖνι
2010 3300 2294 3390 χαίρειν.’

649 3492 676 3537 3
711 3476 774 3522 ad
801 3475 920 3522 Chr.
948 3489 1024 3519 om
1057 3472 1122 3518 II
1309 3491 1338 3532 4
1373 3472 1596 3520 adiecere
1635 3470 1705 3520 C*
1908 3485 1935 3531 5
1974 3471 2080 3534 ipsa
2114 3453 2231 3535 epsf
2262 3472 2306 3520 C
2378 3472 2484 3535 ipse
2508 3479 2619 3534 post
2643 3473 2702 3520 H
2725 3472 2836 3535 (for
2858 3471 2964 3535 ipsa

550 3551 778 3618 epistola)
911 3552 942 3600 6
978 3551 1286 3615 interpretari
1316 3552 1360 3600 C
1485 3567 1516 3615 9
1552 3552 1861 3614 interpretari
1891 3552 1935 3599 C
1958 3552 2104 3611 (corr)
2243 3567 2294 3601 11
2334 3552 2519 3600 habere
2548 3551 2617 3600 C*
2755 3568 2811 3614 13
2848 3567 2963 3600 con-

551 3634 748 3696 tingerit
778 3632 846 3681 C*
881 3631 887 3694 Ι
917 3648 1004 3695 per
1025 3649 1101 3680 om
1127 3633 1192 3680 H
1316 3646 1370 3692 15
1414 3644 1675 3680 EXPLICIT
1715 3644 2123 3680 ARGUMENTUM
2166 3633 2617 3693 [4—EPHESIORUM
2662 3644 2963 3680 EPISTOLAE

556 3717 619 3775 C]
665 3726 878 3762 1Nc1P1T
917 3726 1182 3762 EmSTOLA
1218 3726 1533 3762 Eouuxnssn
1571 3725 1937 3762 EPHESmRUM
1974 3714 2072 3776 (ast
2104 3714 2431 3778 publicemus)
2469 3715 2573 3761 add
2606 3715 2714 3763 CH
2906 3729 2964 3776 19

552 3799 681 3846 hanc
707 3794 820 3860 (sor
839 3797 999 3858 suam)
1031 3798 1074 3844 C
1268 3812 1327 3859 23
1354 3814 1428 3861 sq.
1455 3797 1608 3846 Coisl.
1639 3811 1748 3859 204,
1778 3797 1811 3845 f.
1837 3809 1897 3858 47
1915 3799 2077 3859 b—48
2095 3814 2124 3846 a
2147 3798 2256 3859 [Cr.
2284 3797 2348 3844 vi.
2383 3798 2509 3857 100].

622 3951 664 3998 8.
737 3947 842 4010 ipsa
875 3946 1070 3994 obscura
1107 3946 1273 4006 uerba]
1297 3962 1399 4010 e.g.
1426 3943 1706 4007 εὐλογητός,
1813 3946 1999 4011 (supra,
2017 3964 2066 4011 p.
2091 3962 2177 3996 112
2195 3945 2289 4011 sq.)
2307 3948 2471 3996 leaves
2489 3963 2554 3995 no
2578 3962 2717 3995 room
2741 3955 2794 3995 to
2812 3945 2969 3994 doubt

557 4029 856 4088 πνευματικῇ
886 4026 937 4089 (i.
966 4027 1042 4089 3):
1075 4030 1326 4086 ἐξελέξατο
1356 4029 1405 4089 (i.
1434 4027 1509 4090 4):
1547 4031 1708 4090 ἐχαρί·
1813 4031 1917 4079 that
1956 4032 2004 4079 ἐν
2032 4029 2230 4090 Ἐφέσῳ
2266 4031 2410 4079 stood
2443 4031 2494 4078 in
2524 4028 2665 4077 Th.’s
2688 4036 2809 4077 text.
2880 4027 2968 4074 All

558 4129 712 4159 τωσεν
747 4110 792 4173 (i.
830 4109 904 4171 6):
942 4112 1276 4168 ἀπολύτρωσιν
1312 4108 1362 4173 (i.
1402 4111 1494 4170 7.):
1529 4111 1710 4169 μυστή-
1813 4113 1897 4160 the
1934 4112 2247 4159 Antiochene
2285 4111 2562 4173 expositors
2597 4125 2729 4158 seem
2762 4117 2815 4158 to
2844 4108 2971 4157 have

558 4212 657 4254 ριον
683 4193 729 4254 (i.
757 4191 832 4256 9):
869 4189 1389 4252 ἀνακεφαλαιώσασθαι
1415 4190 1461 4255 (i.
1497 4191 1585 4255 ιο).
1613 4200 1705 4240 etc.
1814 4193 2053 4241 admitted
2081 4193 2164 4240 the
2186 4193 2349 4240 words
2373 4191 2582 4240 without
2604 4206 2699 4254 any
2723 4190 2972 4253 suspicion

625 4274 670 4331 6,
696 4292 741 4340 9.
803 4273 1136 4336 interpratur]
1183 4272 1259 4321 Cf.
1287 4274 1349 4322 O.
1373 4274 1429 4321 L.
1473 4275 1599 4322 Gen.
1627 4273 1711 4321 xli.
1815 4290 1868 4322 as
1892 4282 1943 4322 to
1969 4274 2095 4322 their
2116 4274 2458 4337 genuineness.

571 4374 623 4418 ¹5
652 4357 980 4416 (Vercellone,
1011 4372 1120 4403 var.
1146 4357 1245 4403 lect.
1277 4355 1306 4405 i.
1344 4356 1450 4417 185,
1479 4356 1607 4404 cited
1648 4355 1713 4416 by
1886 4369 1960 4418 19.
2029 4364 2097 4417 ep.
2130 4353 2512 4418 praefinionem]
2581 4354 2675 4402 See
2708 4353 2871 4399 below
2908 4366 2973 4398 on

565 4440 643 4486 Dc
671 4439 802 4498 vin:
838 4439 963 4500 “qui
989 4437 1276 4500 interpretet
1299 4437 1420 4485 illud
1445 4453 1541 4484 non
1568 4435 1692 4484 est.”
1824 4451 1841 4484 1
1872 4437 2044 4484 Thess
2074 4437 2104 4484 i.
2140 4453 2157 4486 ῐ
2190 4435 2353 4498 (Gk).

640 4533 709 4578 17.
777 4521 866 4581 qni
895 4528 1014 4566 sunt
1043 4520 1247 4582 Ephesi]
1313 4519 1422 4566 The
1457 4527 1711 4581 argument
