3293 5233
339 429 461 494 IV.
499 430 597 510 18,
640 428 764 512 19.]
976 443 983 455 ·
1141 440 1226 491 IN
1277 440 1382 493 ΕΡ.
1429 440 1531 491 AD
1577 440 1927 492 GALATAS.
2664 429 2750 509 69

464 598 729 662 ‘uolunt
760 598 939 662 enim
971 618 1092 662 uos
1131 596 1502 682 propellere
1534 597 1621 661 ab
1653 596 1765 661 illo
1797 595 2138 661 intellectu
2170 593 2481 678 perfeeto,
2515 595 2581 661 in
2614 615 2748 677 quo

335 718 511 761 nunc
544 699 741 779 estis;
788 699 881 763 ita
920 708 993 762 ut
1030 698 1154 762 sub
1191 699 1354 782 legis
1392 699 1736 763 constituti
1768 697 2289 774 conuersatione,
2320 696 2748 761 inueniamini

336 801 516 882 apud
563 800 714 866 illos
762 803 1063 866 ordinem
1110 803 1388 886 implere
1441 802 1933 887 discipulorum,
1976 801 2166 885 quasi
2208 802 2325 886 qui
2377 810 2447 867 et
2497 800 2747 884 aliquid

341 903 575 968 melius
610 905 737 969 illis
768 905 1163 970 facientibus
1195 905 1438 970 imitari
1469 927 1583 970 eos
1614 903 1869 971 uelitis!

468 1061 700 1128 bonum
729 1075 946 1129 autem
975 1062 1305 1127 aemulari
1329 1063 1398 1128 in
1428 1063 1581 1129 bono
1608 1078 1864 1149 semper.
2823 1086 2855 1152 5

474 1202 747 1266 ‘melius
779 1212 881 1267 est
912 1224 1072 1287 ergo
1101 1204 1261 1269 talia
1302 1226 1423 1269 uos
1464 1204 1699 1283 facere,
1731 1203 1826 1267 ita
1870 1211 1945 1268 ut
1985 1202 2073 1267 ab
2113 1202 2421 1267 omnibus
2460 1202 2752 1268 aemule·

341 1306 542 1384 mini3
591 1315 666 1370 ut
713 1315 783 1370 et
835 1306 947 1374 alii
997 1328 1136 1386 uoS,
1169 1309 1340 1372 sicut
1388 1307 1717 1383 conuenit,
1747 1306 2182 1384 aemulentur,
2225 1314 2295 1371 et
2343 1306 2584 1371 imitari
2631 1326 2752 1371 uos

341 1405 696 1488 festinent;
779 1409 1023 1473 residui
1099 1430 1258 1473 uero
1331 1410 1709 1473 inuidentes
1783 1409 1993 1486 uobis,
2063 1408 2224 1472 nihil
2301 1430 2422 1474 uos
2496 1409 2755 1493 possint

341 1506 615 1574 nocere.’
707 1518 776 1575 et
808 1511 997 1595 quasi
1030 1511 1145 1595 qui
1177 1511 1338 1579 talia
1367 1512 1677 1596 primitus
1709 1510 2021 1591 facerent,
2054 1511 2300 1575 adicit:

473 1679 538 1733 et
564 1692 689 1736 non
718 1673 927 1737 solum
960 1673 1030 1738 in
1059 1674 1344 1738 aduentu
1374 1696 1506 1739 meo
1534 1674 1633 1737 ad
1657 1696 1784 1739 uos:
2788 1697 2867 1746 10

473 1819 937 1899 potentissime
991 1840 1105 1883 eos
1161 1820 1228 1883 in
1279 1818 1461 1884 hisce
1511 1820 1731 1884 uerbis
1775 1821 2048 1894 curauit,
2104 1823 2198 1885 ita
2257 1829 2334 1886 ut
2392 1830 2461 1887 et
2519 1823 2757 1888 aduer-

340 1924 664 1988 sariorum
709 1944 798 1986 ex
840 1925 1340 2007 comparatione
1384 1933 1691 2008 argueret
1738 1925 2159 1989 sententiam.
2230 1946 2320 1989 ex
2351 1946 2757 1990 commemo-

344 2027 601 2090 ratione
654 2048 811 2090 uero
865 2029 1369 2113 praeteritorum
1416 2029 1640 2092 subito
1688 2029 1914 2092 animo
1964 2049 2296 2106 accensuS,
2358 2038 2427 2094 et
2488 2041 2761 2116 propter

343 2127 471 2191 hoc
517 2148 558 2191 a
604 2129 1158 2211 praecedentibus
1202 2130 1578 2199 abstractus
1623 2131 2056 2210 sermonibus,
2088 2134 2177 2199 ad
2223 2133 2427 2197 uerba
2472 2133 2761 2199 flectitur

343 2228 560 2307 fletuS,
589 2230 851 2295 dicens:
2792 2237 2863 2306 15

456 2390 670 2473 filioli
707 2391 837 2455 mei
869 2412 1027 2476 quos
1072 2392 1308 2457 iterum
1338 2394 1650 2476 parturio
1695 2395 2047 2479 usquedum
2075 2395 2416 2478 formetur
2462 2394 2762 2462 Christus

344 2490 415 2555 in
448 2492 646 2558 uobis.

474 2625 883 2690 demirabilis
921 2627 1304 2693 admodum
1358 2651 1597 2710 serm0,
1644 2640 1714 2696 et
1767 2631 2046 2697 multam
2091 2632 2346 2698 habens
2391 2631 2760 2699 affectionis

343 2732 811 2795 ostensionem.
901 2732 1189 2814 primum
1223 2734 1495 2816 quidem
1537 2736 1729 2817 quasi
1769 2736 1837 2800 in
1870 2735 2030 2808 fletu
2061 2737 2283 2805 subito
2316 2737 2760 2801 exclamantis

345 2833 564 2897 locum
600 2833 849 2918 implet,
884 2836 1147 2900 dicens:
1174 2838 1389 2922 filioli
1415 2838 1556 2916 mei,
1589 2848 1657 2902 et
1692 2849 1765 2904 ut
1803 2839 1950 2922 quis
1983 2840 2074 2912 ita
2106 2841 2301 2916 dicat,
2334 2860 2484 2903 cum
2519 2841 2761 2904 dulcis·
2789 2856 2876 2905 20

341 2938 549 3003 simus
581 2948 772 3021 pater
804 2939 980 3003 -filios
1029 2941 1310 3005 amissos
1342 2941 1501 3008 fletu
1535 2951 1784 3008 euocet.
1875 2943 2138 3020 deinde,
2178 2943 2359 3025 quod
2406 2963 2541 3007 non
2587 2944 2764 3009 dixit

326 3039 491 3123 filii,
553 3042 672 3104 sed
729 3041 990 3124 fllz‘olz',·
1065 3043 1245 3125 quod
1308 3045 1627 3112 maiorem
1704 3047 2033 3128 egerentis
2091 3045 2441 3110 ostendere
2500 3054 2766 3129 poterat

347 3146 677 3211 dolorem.
768 3156 835 3209 et
881 3147 1061 3228 quod
1114 3148 1397 3212 adiecit:
1428 3149 1739 3230 parturio
1757 3172 1788 3223 ,·
1839 3151 1996 3231 quia
2049 3149 2332 3212 multum
2378 3170 2585 3231 graue
2637 3149 2764 3213 illis

345 3252 458 3333 qui
502 3251 568 3313 in
611 3261 806 3334 partu
844 3261 1000 3316 sunt
1041 3273 1186 3316 esse
1223 3253 1501 3316 uidetur.
1589 3250 1718 3332 †et
1759 3252 1941 3335 quod
1977 3253 2192 3316 dixit:
2238 3253 2473 3316 iterum
2491 3277 2520 3327 ,·
2563 3255 2658 3317 ita
2693 3262 2767 3317 ut

347 3362 417 3417 et
468 3356 781 3438 antiquos
836 3355 1099 3419 dolores
1151 3365 1381 3438 partus
1437 3356 1798 3421 adduceret
1850 3357 1918 3420 in
1980 3356 2390 3426 memoriam.
2481 3377 2637 3421 nam
2700 3367 2767 3422 et
2796 3372 2873 3438 25

465 3568 487 3603 1
524 3553 824 3619 praecellere
849 3554 966 3618 (sor
1003 3555 1299 3620 propellere)
1339 3556 1406 3604 H
1605 3576 1635 3619 4
1670 3554 1856 3605 uellitis
1900 3555 1976 3605 C*
2177 3569 2204 3618 5
2241 3556 2376 3605 bono
2412 3553 2526 3619 (for
2557 3556 2768 3615 bonum)

348 3638 415 3686 H
433 3636 440 3700 Ι
471 3637 720 3686 aemulare
762 3637 806 3686 C
1037 3640 1067 3687 8
1100 3640 1245 3686 uobis
1271 3639 1388 3700 (for
1407 3639 1517 3697 uos)
1544 3638 1610 3686 H
1627 3636 1635 3701 Ι
1669 3645 1869 3701 possent
1897 3637 1977 3687 C*
2238 3653 2293 3700 ¹3
2330 3639 2700 3701 praeteritarum
2730 3639 2774 3687 C

355 3735 413 3785 19
447 3719 781 3770 ossensionem
805 3720 911 3781 (sic)
940 3719 1017 3769 C*
1085 3721 1410 3771 offensionem
1436 3721 1553 3784 (for
1573 3722 1779 3781 ostens.)
1804 3721 1872 3771 H
2056 3735 2083 3769 2
2090 3734 2117 3784 5
2153 3727 2204 3769 et
2228 3720 2326 3785 (ast
2344 3722 2482 3782 nam)
2505 3737 2582 3769 om
2605 3721 2674 3771 H

416 3902 465 3952 6.
501 3908 562 3950 ut
578 3901 640 3950 ab
662 3902 889 3951 omnibus
909 3901 1060 3964 aem]
1124 3900 1396 3951 Aemulari
1416 3900 1457 3949 is
1483 3914 1515 3948 a
1613 3908 1695 3960 47,
1724 3897 1760 3949 l.
1791 3910 1868 3966 14.

350 3984 545 4048 passive
578 3984 695 4033 here
728 3985 827 4033 and
863 3984 914 4034 in
945 4001 994 4033 v.
1027 3988 1098 4044 18,
1127 3985 1367 4047 although
1391 3983 1512 4032 used
1682 3991 1758 4028 21.
1808 3993 1909 4028 non
1949 3979 2077 4028 dixit
2116 3977 2270 4043 ‘filii‚’
2305 3980 2391 4028 sed
2425 3980 2440 4005 ‘
2435 3978 2594 4044 filioli
2604 3977 2639 4040 ’J
2689 3981 2775 4028 οὐκ

350 4080 406 4113 as
439 4080 470 4113 a
503 4066 757 4128 deponent
792 4065 842 4114 in
877 4082 956 4114 vv.
1005 4065 1078 4122 16,
1121 4075 1195 4127 17,
1230 4067 1328 4113 and
1353 4066 1403 4115 in
1428 4065 1513 4118 the
1615 4063 1749 4112 εἴπεν
1783 4064 1983 4118 τέκνα,
2025 4064 2156 4111 ἀλλὰ
2190 4063 2412 4111 τεκνία.
2493 4061 2604 4110 The
2638 4077 2775 4111 same

353 4160 472 4208 very
494 4154 612 4194 next
637 4146 801 4195 clause
832 4146 891 4195 of
918 4147 1002 4196 the
1025 4156 1364 4210 commentary
1388 4149 1442 4206 (⁴⁴
1459 4155 1513 4196 ut
1613 4139 1824 4205 reading
1845 4146 1886 4191 is
1911 4143 2063 4192 found
2087 4144 2138 4191 in
2164 4143 2247 4192 the
2271 4150 2372 4191 text
2397 4142 2455 4192 os
2477 4142 2648 4206 Chrys.
2674 4144 2773 4192 and

352 4235 400 4276 et
432 4227 518 4275 alii
552 4243 642 4277 uos
751 4228 1138 4288 aemulentur'’).
1206 4224 1317 4277 The
1340 4227 1509 4293 Vulg.,
1617 4223 1794 4283 Thdt.,
1828 4224 1918 4273 but
1951 4224 2018 4287 by
2050 4224 2175 4273 both
2208 4224 2247 4274 it
2279 4224 2321 4272 is
2355 4224 2533 4289 passed
2568 4223 2778 4276 without

352 4308 517 4358 which
550 4309 744 4359 follows
778 4310 863 4358 the
897 4311 1103 4374 reading
1135 4307 1368 4373 ζηλοῦσθε
1392 4309 1443 4358 in
1466 4326 1515 4358 v.
1617 4304 1831 4353 remark·

359 4392 435 4449 18,
486 4390 576 4439 has
619 4392 963 4452 aemulamini,
1013 4391 1270 4439 doubtless
1326 4390 1376 4438 in
1433 4390 1518 4440 the
1687 4401 1765 4434 22.
1834 4386 2079 4449 egerenlis]
2135 4403 2203 4436 sc.
2242 4388 2406 4436 fletum
2441 4404 2481 4436 s.
2517 4387 2778 4440 lacrimas:

355 4471 548 4521 middle
579 4488 734 4521 sense.
1619 4485 1701 4521 see
1737 4472 1823 4521 the
1858 4489 1966 4521 exx.
1992 4473 2140 4536 given
2164 4472 2231 4534 by
2253 4472 2336 4521 the
2361 4471 2775 4536 lexicographerS.

427 4550 499 4600 16.
569 4551 859 4617 usquedum]
900 4551 1037 4615 ἄχρις
1061 4549 1147 4601 οὔτ
1183 4567 1241 4601 so
1264 4552 1439 4612 above,
1464 4568 1512 4616 p.
