<?xml version="1.0" encoding="UTF-8"?>
<!DOCTYPE html PUBLIC "-//W3C//DTD XHTML 1.0 Transitional//EN"
    "http://www.w3.org/TR/xhtml1/DTD/xhtml1-transitional.dtd">
<html xmlns="http://www.w3.org/1999/xhtml" xml:lang="en" lang="en">
 <head>
  <title>
</title>
<meta http-equiv="Content-Type" content="text/html;charset=utf-8" />
  <meta name='ocr-system' content='tesseract 3.04.00' />
  <meta name='ocr-capabilities' content='ocr_page ocr_carea ocr_par ocr_line ocrx_word'/>
</head>
<body>
  <div class='ocr_page' id='page_1' title='image "./theodoriepiscop00mopsgoog_0217.png"; bbox 0 0 3293 5233; ppageno 0'>
   <div class='ocr_carea' id='block_1_1' title="bbox 339 433 1959 517">
    <p class='ocr_par' dir='ltr' id='par_1_1' title="bbox 339 433 1959 517">
     <span class='ocr_line' id='line_1_1' title="bbox 339 433 1959 517; baseline 0.003 -21"><span class='ocrx_word' id='word_1_1' title='bbox 339 434 389 495; x_wconf 93' lang='lat' dir='ltr'><strong>I.</strong></span> <span class='ocrx_word' id='word_1_2' title='bbox 435 450 481 510; x_wconf 88' lang='lat'><strong>1,</strong></span> <span class='ocrx_word' id='word_1_3' title='bbox 524 433 604 517; x_wconf 87' lang='lat'><strong>2.]</strong></span> <span class='ocrx_word' id='word_1_4' title='bbox 1155 449 1236 499; x_wconf 84' lang='lat' dir='ltr'><strong>IN</strong></span> <span class='ocrx_word' id='word_1_5' title='bbox 1289 450 1390 499; x_wconf 80' lang='grc' dir='ltr'><strong>ΕΡ.</strong></span> <span class='ocrx_word' id='word_1_6' title='bbox 1439 452 1540 500; x_wconf 85' lang='lat' dir='ltr'><strong>AD</strong></span> <span class='ocrx_word' id='word_1_7' title='bbox 1588 451 1959 502; x_wconf 60' lang='lat' dir='ltr'><strong>EPHESIOS.</strong></span> 
     </span>
    </p>
   </div>
   <div class='ocr_carea' id='block_1_2' title="bbox 2632 454 2752 518">
    <p class='ocr_par' dir='ltr' id='par_1_2' title="bbox 2632 454 2752 518">
     <span class='ocr_line' id='line_1_2' title="bbox 2632 454 2752 518; baseline -0.008 -19"><span class='ocrx_word' id='word_1_8' title='bbox 2632 454 2752 518; x_wconf 86' lang='lat'><strong>119</strong></span> 
     </span>
    </p>
   </div>
   <div class='ocr_carea' id='block_1_3' title="bbox 334 615 2854 2532">
    <p class='ocr_par' dir='ltr' id='par_1_3' title="bbox 334 615 2854 2532">
     <span class='ocr_line' id='line_1_3' title="bbox 470 615 2751 707; baseline 0.001 -25"><span class='ocrx_word' id='word_1_9' title='bbox 470 615 721 682; x_wconf 63' lang='lat' dir='ltr'><strong>Chrzzeti</strong></span> <span class='ocrx_word' id='word_1_10' title='bbox 765 628 990 682; x_wconf 90' lang='lat' dir='ltr'><strong>autem</strong></span> <span class='ocrx_word' id='word_1_11' title='bbox 1051 619 1431 702; x_wconf 90' lang='lat' dir='ltr'><strong>apostolum</strong></span> <span class='ocrx_word' id='word_1_12' title='bbox 1493 623 1786 704; x_wconf 91' lang='lat' dir='ltr'><strong>seipsum</strong></span> <span class='ocrx_word' id='word_1_13' title='bbox 1849 623 1989 685; x_wconf 90' lang='lat' dir='ltr'><strong>iure</strong></span> <span class='ocrx_word' id='word_1_14' title='bbox 2049 623 2450 707; x_wconf 80' lang='lat' dir='ltr'><strong>pronuntiat,</strong></span> <span class='ocrx_word' id='word_1_15' title='bbox 2517 630 2751 704; x_wconf 87' lang='lat' dir='ltr'>utpote</span> 
     </span>
     <span class='ocr_line' id='line_1_4' title="bbox 334 713 2750 802; baseline 0.002 -24"><span class='ocrx_word' id='word_1_16' title='bbox 334 713 516 780; x_wconf 87' lang='lat' dir='ltr'><strong>illam</strong></span> <span class='ocrx_word' id='word_1_17' title='bbox 563 719 934 783; x_wconf 85' lang='lat' dir='ltr'>bonitatem</span> <span class='ocrx_word' id='word_1_18' title='bbox 980 740 1155 802; x_wconf 90' lang='lat' dir='ltr'><strong>quae</strong></span> <span class='ocrx_word' id='word_1_19' title='bbox 1210 742 1298 785; x_wconf 86' lang='lat' dir='ltr'><strong>ex</strong></span> <span class='ocrx_word' id='word_1_20' title='bbox 1348 722 1642 786; x_wconf 89' lang='lat' dir='ltr'><strong>aduentu</strong></span> <span class='ocrx_word' id='word_1_21' title='bbox 1701 722 1946 788; x_wconf 81' lang='lat' dir='ltr'>Christi</span> <span class='ocrx_word' id='word_1_22' title='bbox 1998 724 2256 787; x_wconf 88' lang='lat' dir='ltr'><strong>accedit</strong></span> <span class='ocrx_word' id='word_1_23' title='bbox 2308 725 2546 786; x_wconf 89' lang='lat' dir='ltr'><strong>docere</strong></span> <span class='ocrx_word' id='word_1_24' title='bbox 2599 722 2750 785; x_wconf 89' lang='lat' dir='ltr'><strong>illos</strong></span> 
     </span>
     <span class='ocr_line' id='line_1_5' title="bbox 334 822 2749 908; baseline 0.002 -25"><span class='ocrx_word' id='word_1_25' title='bbox 334 822 794 903; x_wconf 88' lang='lat' dir='ltr'><strong>praesentibus</strong></span> <span class='ocrx_word' id='word_1_26' title='bbox 840 823 1290 906; x_wconf 89' lang='lat' dir='ltr'><strong>adproperans</strong></span> <span class='ocrx_word' id='word_1_27' title='bbox 1329 826 1608 908; x_wconf 71' lang='lat' dir='ltr'><strong>scriptis</strong></span> <span class='ocrx_word' id='word_1_28' title='bbox 1696 823 2002 905; x_wconf 90' lang='lat' dir='ltr'><strong>†adiecit</strong></span> <span class='ocrx_word' id='word_1_29' title='bbox 2032 836 2273 900; x_wconf 89' lang='lat' dir='ltr'><strong>autem,</strong></span> <span class='ocrx_word' id='word_1_30' title='bbox 2302 837 2426 907; x_wconf 85' lang='lat' dir='ltr'><strong>per</strong></span> <span class='ocrx_word' id='word_1_31' title='bbox 2454 826 2749 888; x_wconf 82' lang='lat' dir='ltr'><strong>uolunta-</strong></span> 
     </span>
     <span class='ocr_line' id='line_1_6' title="bbox 335 926 2747 1011; baseline 0.001 -23"><span class='ocrx_word' id='word_1_32' title='bbox 335 937 458 989; x_wconf 84' lang='lat' dir='ltr'><strong>tem</strong></span> <span class='ocrx_word' id='word_1_33' title='bbox 511 926 654 1002; x_wconf 76' lang='lat' dir='ltr'><strong>Dei,</strong></span> <span class='ocrx_word' id='word_1_34' title='bbox 718 926 914 989; x_wconf 91' lang='lat' dir='ltr'><strong>simul</strong></span> <span class='ocrx_word' id='word_1_35' title='bbox 974 938 1376 991; x_wconf 87' lang='lat' dir='ltr'><strong>connectens</strong></span> <span class='ocrx_word' id='word_1_36' title='bbox 1439 939 1809 1011; x_wconf 89' lang='lat' dir='ltr'><strong>utrumque,</strong></span> <span class='ocrx_word' id='word_1_37' title='bbox 1873 931 1967 992; x_wconf 83' lang='lat' dir='ltr'><strong>ita</strong></span> <span class='ocrx_word' id='word_1_38' title='bbox 2032 939 2106 993; x_wconf 86' lang='lat' dir='ltr'><strong>ut</strong></span> <span class='ocrx_word' id='word_1_39' title='bbox 2168 927 2329 992; x_wconf 89' lang='lat' dir='ltr'><strong>nihil</strong></span> <span class='ocrx_word' id='word_1_40' title='bbox 2391 929 2747 991; x_wconf 89' lang='lat' dir='ltr'><strong>discretum</strong></span> 
     </span>
     <span class='ocr_line' id='line_1_7' title="bbox 335 1028 2854 1113; baseline 0.002 -25"><span class='ocrx_word' id='word_1_41' title='bbox 335 1046 552 1108; x_wconf 90' lang='lat' dir='ltr'><strong>neque</strong></span> <span class='ocrx_word' id='word_1_42' title='bbox 597 1028 872 1090; x_wconf 88' lang='lat' dir='ltr'><strong>scissum</strong></span> <span class='ocrx_word' id='word_1_43' title='bbox 921 1048 1065 1091; x_wconf 88' lang='lat' dir='ltr'><strong>esse</strong></span> <span class='ocrx_word' id='word_1_44' title='bbox 1108 1030 1412 1093; x_wconf 89' lang='lat' dir='ltr'><strong>uideatur</strong></span> <span class='ocrx_word' id='word_1_45' title='bbox 1450 1030 1536 1093; x_wconf 90' lang='lat' dir='ltr'><strong>ab</strong></span> <span class='ocrx_word' id='word_1_46' title='bbox 1569 1030 1699 1093; x_wconf 92' lang='lat' dir='ltr'><strong>illis</strong></span> <span class='ocrx_word' id='word_1_47' title='bbox 1728 1052 1901 1113; x_wconf 89' lang='lat' dir='ltr'><strong>quae</strong></span> <span class='ocrx_word' id='word_1_48' title='bbox 1934 1030 2061 1094; x_wconf 91' lang='lat' dir='ltr'><strong>Dei</strong></span> <span class='ocrx_word' id='word_1_49' title='bbox 2095 1041 2250 1094; x_wconf 89' lang='lat' dir='ltr'><strong>sunt</strong></span> <span class='ocrx_word' id='word_1_50' title='bbox 2282 1030 2544 1093; x_wconf 93' lang='lat' dir='ltr'><strong>illorum</strong></span> <span class='ocrx_word' id='word_1_51' title='bbox 2577 1050 2748 1112; x_wconf 88' lang='lat' dir='ltr'><strong>quae</strong></span> <span class='ocrx_word' id='word_1_52' title='bbox 2824 1046 2854 1113; x_wconf 84' lang='lat'>5</span> 
     </span>
     <span class='ocr_line' id='line_1_8' title="bbox 334 1127 2748 1215; baseline 0.002 -27"><span class='ocrx_word' id='word_1_53' title='bbox 334 1147 451 1208; x_wconf 87' lang='lat' dir='ltr'><strong>per</strong></span> <span class='ocrx_word' id='word_1_54' title='bbox 494 1127 832 1192; x_wconf 88' lang='lat' dir='ltr'><strong>Christum</strong></span> <span class='ocrx_word' id='word_1_55' title='bbox 874 1129 1110 1193; x_wconf 84' lang='lat' dir='ltr'><strong>effecta</strong></span> <span class='ocrx_word' id='word_1_56' title='bbox 1149 1142 1344 1209; x_wconf 83' lang='lat' dir='ltr'><strong>sunt3</strong></span> <span class='ocrx_word' id='word_1_57' title='bbox 1399 1132 1595 1194; x_wconf 92' lang='lat' dir='ltr'><strong>simul</strong></span> <span class='ocrx_word' id='word_1_58' title='bbox 1635 1142 1858 1195; x_wconf 90' lang='lat' dir='ltr'><strong>autem</strong></span> <span class='ocrx_word' id='word_1_59' title='bbox 1894 1142 1960 1195; x_wconf 91' lang='lat' dir='ltr'><strong>et</strong></span> <span class='ocrx_word' id='word_1_60' title='bbox 2001 1131 2416 1215; x_wconf 89' lang='lat' dir='ltr'><strong>apostolatus</strong></span> <span class='ocrx_word' id='word_1_61' title='bbox 2448 1131 2546 1193; x_wconf 87' lang='lat' dir='ltr'><strong>sui</strong></span> <span class='ocrx_word' id='word_1_62' title='bbox 2579 1150 2748 1211; x_wconf 90' lang='lat' dir='ltr'><strong>opus</strong></span> 
     </span>
     <span class='ocr_line' id='line_1_9' title="bbox 335 1232 2747 1317; baseline 0.001 -26"><span class='ocrx_word' id='word_1_63' title='bbox 335 1232 776 1294; x_wconf 88' lang='lat' dir='ltr'><strong>necessarium</strong></span> <span class='ocrx_word' id='word_1_64' title='bbox 821 1232 943 1294; x_wconf 89' lang='lat' dir='ltr'><strong>sibi</strong></span> <span class='ocrx_word' id='word_1_65' title='bbox 989 1233 1282 1315; x_wconf 90' lang='lat' dir='ltr'><strong>undique</strong></span> <span class='ocrx_word' id='word_1_66' title='bbox 1327 1236 1637 1298; x_wconf 86' lang='lat' dir='ltr'><strong>ostendit.</strong></span> <span class='ocrx_word' id='word_1_67' title='bbox 1727 1245 2185 1298; x_wconf 89' lang='lat' dir='ltr'><strong>uerumtamen</strong></span> <span class='ocrx_word' id='word_1_68' title='bbox 2219 1236 2532 1317; x_wconf 89' lang='lat' dir='ltr'><strong>quoniam</strong></span> <span class='ocrx_word' id='word_1_69' title='bbox 2566 1253 2747 1296; x_wconf 90' lang='lat' dir='ltr'><strong>com-</strong></span> 
     </span>
     <span class='ocr_line' id='line_1_10' title="bbox 335 1336 2749 1424; baseline 0 -28"><span class='ocrx_word' id='word_1_70' title='bbox 335 1336 726 1415; x_wconf 90' lang='lat' dir='ltr'><strong>pendiosam</strong></span> <span class='ocrx_word' id='word_1_71' title='bbox 777 1336 1255 1418; x_wconf 85' lang='lat' dir='ltr'><strong>praefationem</strong></span> <span class='ocrx_word' id='word_1_72' title='bbox 1311 1338 1677 1400; x_wconf 88' lang='lat' dir='ltr'><strong>litterarum</strong></span> <span class='ocrx_word' id='word_1_73' title='bbox 1723 1337 1953 1401; x_wconf 88' lang='lat' dir='ltr'><strong>fecisse</strong></span> <span class='ocrx_word' id='word_1_74' title='bbox 1998 1336 2302 1401; x_wconf 76' lang='lat' dir='ltr'><strong>uidetur*</strong></span> <span class='ocrx_word' id='word_1_75' title='bbox 2345 1339 2435 1419; x_wconf 90' lang='lat' dir='ltr'><strong>(et</strong></span> <span class='ocrx_word' id='word_1_76' title='bbox 2476 1337 2749 1424; x_wconf 68' lang='lat' dir='ltr'><strong>quidem</strong></span> 
     </span>
     <span class='ocr_line' id='line_1_11' title="bbox 335 1436 2747 1521; baseline 0.001 -25"><span class='ocrx_word' id='word_1_77' title='bbox 335 1455 486 1497; x_wconf 91' lang='lat' dir='ltr'><strong>cum</strong></span> <span class='ocrx_word' id='word_1_78' title='bbox 550 1437 616 1498; x_wconf 92' lang='lat' dir='ltr'><strong>in</strong></span> <span class='ocrx_word' id='word_1_79' title='bbox 679 1436 906 1499; x_wconf 92' lang='lat' dir='ltr'><strong>multis</strong></span> <span class='ocrx_word' id='word_1_80' title='bbox 960 1437 1257 1520; x_wconf 87' lang='lat' dir='ltr'><strong>epistolis</strong></span> <span class='ocrx_word' id='word_1_81' title='bbox 1310 1441 1785 1520; x_wconf 85' lang='lat' dir='ltr'><strong>consequentia</strong></span> <span class='ocrx_word' id='word_1_82' title='bbox 1834 1461 2099 1502; x_wconf 90' lang='lat' dir='ltr'><strong>suorum</strong></span> <span class='ocrx_word' id='word_1_83' title='bbox 2155 1441 2546 1521; x_wconf 90' lang='lat' dir='ltr'><strong>scriptorum</strong></span> <span class='ocrx_word' id='word_1_84' title='bbox 2602 1438 2747 1519; x_wconf 89' lang='lat' dir='ltr'><strong>ipso</strong></span> 
     </span>
     <span class='ocr_line' id='line_1_12' title="bbox 335 1539 2748 1624; baseline 0.002 -25"><span class='ocrx_word' id='word_1_85' title='bbox 335 1548 729 1617; x_wconf 85' lang='lat' dir='ltr'><strong>argumento</strong></span> <span class='ocrx_word' id='word_1_86' title='bbox 789 1539 1010 1620; x_wconf 90' lang='lat' dir='ltr'><strong>aliqua</strong></span> <span class='ocrx_word' id='word_1_87' title='bbox 1065 1541 1465 1604; x_wconf 89' lang='lat' dir='ltr'><strong>interiecisse</strong></span> <span class='ocrx_word' id='word_1_88' title='bbox 1517 1543 1823 1605; x_wconf 91' lang='lat' dir='ltr'><strong>uideatur</strong></span> <span class='ocrx_word' id='word_1_89' title='bbox 1875 1562 2027 1604; x_wconf 90' lang='lat' dir='ltr'><strong>cum</strong></span> <span class='ocrx_word' id='word_1_90' title='bbox 2081 1543 2491 1624; x_wconf 84' lang='lat' dir='ltr'><strong>praefatione</strong></span> <span class='ocrx_word' id='word_1_91' title='bbox 2544 1543 2748 1624; x_wconf 91' lang='lat' dir='ltr'><strong>scrip-</strong></span> 
     </span>
     <span class='ocr_line' id='line_1_13' title="bbox 335 1642 2748 1727; baseline 0.002 -25"><span class='ocrx_word' id='word_1_92' title='bbox 335 1651 535 1715; x_wconf 88' lang='lat' dir='ltr'><strong>turae,</strong></span> <span class='ocrx_word' id='word_1_93' title='bbox 571 1642 664 1704; x_wconf 90' lang='lat' dir='ltr'><strong>ita</strong></span> <span class='ocrx_word' id='word_1_94' title='bbox 696 1652 769 1705; x_wconf 92' lang='lat' dir='ltr'><strong>ut</strong></span> <span class='ocrx_word' id='word_1_95' title='bbox 800 1664 888 1705; x_wconf 84' lang='lat' dir='ltr'><strong>ex</strong></span> <span class='ocrx_word' id='word_1_96' title='bbox 921 1643 1047 1706; x_wconf 87' lang='lat' dir='ltr'><strong>hoc</strong></span> <span class='ocrx_word' id='word_1_97' title='bbox 1081 1665 1280 1727; x_wconf 88' lang='lat' dir='ltr'><strong>saepe</strong></span> <span class='ocrx_word' id='word_1_98' title='bbox 1320 1644 1747 1727; x_wconf 85' lang='lat' dir='ltr'><strong>prolongaret</strong></span> <span class='ocrx_word' id='word_1_99' title='bbox 1787 1644 2482 1727; x_wconf 86' lang='lat' dir='ltr'><strong>praefationem—hoc</strong></span> <span class='ocrx_word' id='word_1_100' title='bbox 2524 1655 2748 1707; x_wconf 93' lang='lat' dir='ltr'><strong>autem</strong></span> 
     </span>
     <span class='ocr_line' id='line_1_14' title="bbox 335 1745 2750 1831; baseline 0.002 -26"><span class='ocrx_word' id='word_1_101' title='bbox 335 1745 576 1807; x_wconf 89' lang='lat' dir='ltr'><strong>uiderit</strong></span> <span class='ocrx_word' id='word_1_102' title='bbox 628 1747 776 1827; x_wconf 90' lang='lat' dir='ltr'><strong>quis</strong></span> <span class='ocrx_word' id='word_1_103' title='bbox 829 1747 895 1808; x_wconf 91' lang='lat' dir='ltr'><strong>in</strong></span> <span class='ocrx_word' id='word_1_104' title='bbox 939 1747 1236 1829; x_wconf 90' lang='lat' dir='ltr'><strong>epistolis</strong></span> <span class='ocrx_word' id='word_1_105' title='bbox 1281 1769 1448 1831; x_wconf 90' lang='lat' dir='ltr'><strong>quas</strong></span> <span class='ocrx_word' id='word_1_106' title='bbox 1489 1747 1595 1810; x_wconf 91' lang='lat' dir='ltr'><strong>uel</strong></span> <span class='ocrx_word' id='word_1_107' title='bbox 1641 1748 1727 1810; x_wconf 90' lang='lat' dir='ltr'><strong>ad</strong></span> <span class='ocrx_word' id='word_1_108' title='bbox 1769 1748 2130 1824; x_wconf 81' lang='lat' dir='ltr'><strong>RomanOS,</strong></span> <span class='ocrx_word' id='word_1_109' title='bbox 2184 1747 2287 1810; x_wconf 89' lang='lat' dir='ltr'><strong>uel</strong></span> <span class='ocrx_word' id='word_1_110' title='bbox 2337 1749 2422 1810; x_wconf 91' lang='lat' dir='ltr'><strong>ad</strong></span> <span class='ocrx_word' id='word_1_111' title='bbox 2475 1745 2750 1810; x_wconf 88' lang='lat' dir='ltr'><strong>Galatas</strong></span> 
     </span>
     <span class='ocr_line' id='line_1_15' title="bbox 339 1848 2748 1934; baseline 0.002 -25"><span class='ocrx_word' id='word_1_112' title='bbox 339 1848 635 1911; x_wconf 84' lang='lat' dir='ltr'><strong>maxime</strong></span> <span class='ocrx_word' id='word_1_113' title='bbox 681 1850 1147 1930; x_wconf 88' lang='lat' dir='ltr'><strong>scripsit—sed</strong></span> <span class='ocrx_word' id='word_1_114' title='bbox 1198 1851 1324 1914; x_wconf 92' lang='lat' dir='ltr'><strong>hoc</strong></span> <span class='ocrx_word' id='word_1_115' title='bbox 1379 1852 1446 1913; x_wconf 92' lang='lat' dir='ltr'><strong>in</strong></span> <span class='ocrx_word' id='word_1_116' title='bbox 1494 1850 1642 1913; x_wconf 93' lang='lat' dir='ltr'><strong>loco</strong></span> <span class='ocrx_word' id='word_1_117' title='bbox 1684 1853 2158 1934; x_wconf 87' lang='lat' dir='ltr'><strong>compendiose</strong></span> <span class='ocrx_word' id='word_1_118' title='bbox 2206 1861 2591 1933; x_wconf 89' lang='lat' dir='ltr'><strong>prosecutus</strong></span> <span class='ocrx_word' id='word_1_119' title='bbox 2623 1852 2748 1929; x_wconf 89' lang='lat' dir='ltr'><strong>est)</strong></span> 
     </span>
     <span class='ocr_line' id='line_1_16' title="bbox 335 1948 2750 2037; baseline 0.002 -25"><span class='ocrx_word' id='word_1_120' title='bbox 335 1948 877 2034; x_wconf 87' lang='lat' dir='ltr'><strong>†consequenter</strong></span> <span class='ocrx_word' id='word_1_121' title='bbox 922 1962 990 2017; x_wconf 88' lang='lat' dir='ltr'><strong>et</strong></span> <span class='ocrx_word' id='word_1_122' title='bbox 1040 1952 1168 2017; x_wconf 92' lang='lat' dir='ltr'><strong>hoc</strong></span> <span class='ocrx_word' id='word_1_123' title='bbox 1215 1955 1670 2037; x_wconf 89' lang='lat' dir='ltr'><strong>propositione</strong></span> <span class='ocrx_word' id='word_1_124' title='bbox 1715 1975 1984 2017; x_wconf 88' lang='lat' dir='ltr'><strong>suorum</strong></span> <span class='ocrx_word' id='word_1_125' title='bbox 2041 1955 2287 2017; x_wconf 89' lang='lat' dir='ltr'><strong>faciens</strong></span> <span class='ocrx_word' id='word_1_126' title='bbox 2336 1953 2750 2017; x_wconf 75' lang='lat' dir='ltr'><strong>uerborum.*</strong></span> 
     </span>
     <span class='ocr_line' id='line_1_17' title="bbox 337 2058 2745 2139; baseline 0 -22"><span class='ocrx_word' id='word_1_127' title='bbox 337 2076 662 2118; x_wconf 89' lang='lat' dir='ltr'><strong>memores</strong></span> <span class='ocrx_word' id='word_1_128' title='bbox 711 2058 887 2119; x_wconf 90' lang='lat' dir='ltr'><strong>enim</strong></span> <span class='ocrx_word' id='word_1_129' title='bbox 942 2077 1170 2119; x_wconf 90' lang='lat' dir='ltr'><strong>sumus</strong></span> <span class='ocrx_word' id='word_1_130' title='bbox 1223 2067 1289 2121; x_wconf 94' lang='lat' dir='ltr'><strong>et</strong></span> <span class='ocrx_word' id='word_1_131' title='bbox 1340 2059 1405 2121; x_wconf 94' lang='lat' dir='ltr'><strong>in</strong></span> <span class='ocrx_word' id='word_1_132' title='bbox 1461 2068 1856 2139; x_wconf 83' lang='lat' dir='ltr'><strong>argumento</strong></span> <span class='ocrx_word' id='word_1_133' title='bbox 1912 2058 2056 2139; x_wconf 94' lang='lat' dir='ltr'><strong>ipso</strong></span> <span class='ocrx_word' id='word_1_134' title='bbox 2109 2058 2376 2131; x_wconf 83' lang='lat' dir='ltr'><strong>dixisse,</strong></span> <span class='ocrx_word' id='word_1_135' title='bbox 2431 2058 2745 2139; x_wconf 90' lang='lat' dir='ltr'><strong>quoniam</strong></span> 
     </span>
     <span class='ocr_line' id='line_1_18' title="bbox 336 2152 2748 2240; baseline 0.001 -23"><span class='ocrx_word' id='word_1_136' title='bbox 336 2152 801 2238; x_wconf 85' lang='lat' dir='ltr'><strong>†propositum</strong></span> <span class='ocrx_word' id='word_1_137' title='bbox 828 2158 1034 2221; x_wconf 89' lang='lat' dir='ltr'><strong>habet</strong></span> <span class='ocrx_word' id='word_1_138' title='bbox 1071 2159 1399 2222; x_wconf 90' lang='lat' dir='ltr'><strong>aduentus</strong></span> <span class='ocrx_word' id='word_1_139' title='bbox 1434 2158 1679 2223; x_wconf 87' lang='lat' dir='ltr'><strong>Christi</strong></span> <span class='ocrx_word' id='word_1_140' title='bbox 1713 2158 2067 2222; x_wconf 86' lang='lat' dir='ltr'><strong>utilitatem</strong></span> <span class='ocrx_word' id='word_1_141' title='bbox 2103 2160 2226 2221; x_wconf 90' lang='lat' dir='ltr'><strong>sub</strong></span> <span class='ocrx_word' id='word_1_142' title='bbox 2258 2159 2475 2240; x_wconf 89' lang='lat' dir='ltr'><strong>specie</strong></span> <span class='ocrx_word' id='word_1_143' title='bbox 2505 2158 2748 2239; x_wconf 88' lang='lat' dir='ltr'><strong>gratia·</strong></span> 
     </span>
     <span class='ocr_line' id='line_1_19' title="bbox 337 2259 2749 2343; baseline 0 -22"><span class='ocrx_word' id='word_1_144' title='bbox 337 2280 482 2322; x_wconf 90' lang='lat' dir='ltr'><strong>rum</strong></span> <span class='ocrx_word' id='word_1_145' title='bbox 545 2261 824 2323; x_wconf 89' lang='lat' dir='ltr'><strong>actionis</strong></span> <span class='ocrx_word' id='word_1_146' title='bbox 884 2263 1357 2343; x_wconf 88' lang='lat' dir='ltr'><strong>compendiose</strong></span> <span class='ocrx_word' id='word_1_147' title='bbox 1409 2263 1670 2340; x_wconf 91' lang='lat' dir='ltr'><strong>dicere;</strong></span> <span class='ocrx_word' id='word_1_148' title='bbox 1740 2282 1873 2324; x_wconf 90' lang='lat' dir='ltr'><strong>non</strong></span> <span class='ocrx_word' id='word_1_149' title='bbox 1936 2262 2104 2324; x_wconf 90' lang='lat' dir='ltr'><strong>sicut</strong></span> <span class='ocrx_word' id='word_1_150' title='bbox 2166 2263 2230 2323; x_wconf 93' lang='lat' dir='ltr'><strong>in</strong></span> <span class='ocrx_word' id='word_1_151' title='bbox 2295 2260 2407 2323; x_wconf 94' lang='lat' dir='ltr'><strong>illa</strong></span> <span class='ocrx_word' id='word_1_152' title='bbox 2468 2259 2749 2343; x_wconf 88' lang='lat' dir='ltr'><strong>epistola</strong></span> 
     </span>
     <span class='ocr_line' id='line_1_20' title="bbox 336 2364 2747 2448; baseline 0 -23"><span class='ocrx_word' id='word_1_153' title='bbox 336 2384 537 2444; x_wconf 85' lang='lat' dir='ltr'><strong>quam</strong></span> <span class='ocrx_word' id='word_1_154' title='bbox 578 2364 661 2426; x_wconf 88' lang='lat' dir='ltr'><strong>ad</strong></span> <span class='ocrx_word' id='word_1_155' title='bbox 705 2364 1048 2427; x_wconf 91' lang='lat' dir='ltr'><strong>Romanos</strong></span> <span class='ocrx_word' id='word_1_156' title='bbox 1095 2366 1371 2447; x_wconf 91' lang='lat' dir='ltr'><strong>scripsit,</strong></span> <span class='ocrx_word' id='word_1_157' title='bbox 1420 2386 1621 2448; x_wconf 87' lang='lat' dir='ltr'><strong>quam</strong></span> <span class='ocrx_word' id='word_1_158' title='bbox 1662 2374 1729 2427; x_wconf 93' lang='lat' dir='ltr'><strong>et</strong></span> <span class='ocrx_word' id='word_1_159' title='bbox 1776 2385 1926 2427; x_wconf 92' lang='lat' dir='ltr'><strong>cum</strong></span> <span class='ocrx_word' id='word_1_160' title='bbox 1972 2365 2183 2427; x_wconf 91' lang='lat' dir='ltr'><strong>multa</strong></span> <span class='ocrx_word' id='word_1_161' title='bbox 2220 2365 2430 2427; x_wconf 90' lang='lat' dir='ltr'><strong>edidit</strong></span> <span class='ocrx_word' id='word_1_162' title='bbox 2472 2364 2747 2440; x_wconf 88' lang='lat' dir='ltr'><strong>cautela,</strong></span> 
     </span>
     <span class='ocr_line' id='line_1_21' title="bbox 337 2465 2749 2532; baseline -0 -3"><span class='ocrx_word' id='word_1_163' title='bbox 337 2468 863 2531; x_wconf 87' lang='lat' dir='ltr'><strong>aduersariorum</strong></span> <span class='ocrx_word' id='word_1_164' title='bbox 902 2468 1096 2531; x_wconf 91' lang='lat' dir='ltr'><strong>simul</strong></span> <span class='ocrx_word' id='word_1_165' title='bbox 1132 2470 1489 2532; x_wconf 88' lang='lat' dir='ltr'><strong>retundens</strong></span> <span class='ocrx_word' id='word_1_166' title='bbox 1521 2465 1990 2531; x_wconf 82' lang='lat' dir='ltr'><strong>obiectione5.*</strong></span> <span class='ocrx_word' id='word_1_167' title='bbox 2083 2488 2559 2530; x_wconf 90' lang='lat' dir='ltr'><strong>consummans</strong></span> <span class='ocrx_word' id='word_1_168' title='bbox 2592 2488 2749 2530; x_wconf 90' lang='lat' dir='ltr'><strong>uero</strong></span> 
     </span>
    </p>
   </div>
   <div class='ocr_carea' id='block_1_4' title="bbox 2784 1555 2862 1602">
    <p class='ocr_par' dir='ltr' id='par_1_4' title="bbox 2784 1555 2862 1602">
     <span class='ocr_line' id='line_1_22' title="bbox 2784 1555 2862 1602; baseline 0.026 -2"><span class='ocrx_word' id='word_1_169' title='bbox 2784 1555 2862 1602; x_wconf 91' lang='lat'><strong>10</strong></span> 
     </span>
    </p>
   </div>
   <div class='ocr_carea' id='block_1_5' title="bbox 337 2673 2865 3726">
    <p class='ocr_par' dir='ltr' id='par_1_5' title="bbox 337 2673 2865 3276">
     <span class='ocr_line' id='line_1_23' title="bbox 467 2673 2865 2757; baseline 0.003 -20"><span class='ocrx_word' id='word_1_170' title='bbox 467 2673 870 2755; x_wconf 75' lang='grc' dir='ltr'>προσέθηκεν</span> <span class='ocrx_word' id='word_1_171' title='bbox 902 2673 968 2738; x_wconf 87' lang='grc' dir='ltr'><strong>δὲ</strong></span> <span class='ocrx_word' id='word_1_172' title='bbox 998 2674 1073 2739; x_wconf 85' lang='grc' dir='ltr'><strong>τὸ</strong></span> <span class='ocrx_word' id='word_1_173' title='bbox 1102 2678 1192 2740; x_wconf 65' lang='grc' dir='ltr'><strong>Διά</strong></span> <span class='ocrx_word' id='word_1_174' title='bbox 1234 2681 1580 2742; x_wconf 61' lang='grc' dir='ltr'><strong>θελήματος</strong></span> <span class='ocrx_word' id='word_1_175' title='bbox 1627 2679 1789 2753; x_wconf 82' lang='grc' dir='ltr'>ΘεοῨ,</span> <span class='ocrx_word' id='word_1_176' title='bbox 1821 2675 1980 2757; x_wconf 65' lang='grc' dir='ltr'>ὅμου</span> <span class='ocrx_word' id='word_1_177' title='bbox 2022 2702 2095 2741; x_wconf 90' lang='grc' dir='ltr'><strong>τε</strong></span> <span class='ocrx_word' id='word_1_178' title='bbox 2140 2675 2418 2742; x_wconf 77' lang='grc' dir='ltr'>συνδέων</span> <span class='ocrx_word' id='word_1_179' title='bbox 2464 2675 2627 2741; x_wconf 76' lang='grc' dir='ltr'>αὐτὰ</span> <span class='ocrx_word' id='word_1_180' title='bbox 2672 2674 2751 2745; x_wconf 75' lang='grc' dir='ltr'><strong>ὥς</strong></span> <span class='ocrx_word' id='word_1_181' title='bbox 2784 2684 2865 2730; x_wconf 88' lang='lat'><strong>20</strong></span> 
     </span>
     <span class='ocr_line' id='line_1_24' title="bbox 337 2772 2750 2860; baseline 0.002 -24"><span class='ocrx_word' id='word_1_182' title='bbox 337 2772 533 2852; x_wconf 85' lang='grc' dir='ltr'>μηδὲν</span> <span class='ocrx_word' id='word_1_183' title='bbox 565 2772 1008 2860; x_wconf 82' lang='grc' dir='ltr'>διακεκρίσθαι</span> <span class='ocrx_word' id='word_1_184' title='bbox 1037 2776 1195 2855; x_wconf 83' lang='grc' dir='ltr'>μηδὲ</span> <span class='ocrx_word' id='word_1_185' title='bbox 1234 2776 1670 2842; x_wconf 80' lang='grc' dir='ltr'>α’πεσπάσθαι</span> <span class='ocrx_word' id='word_1_186' title='bbox 1709 2776 1916 2843; x_wconf 84' lang='grc' dir='ltr'>δοκεῖν</span> <span class='ocrx_word' id='word_1_187' title='bbox 1960 2782 2074 2843; x_wconf 92' lang='grc' dir='ltr'><strong>τοῦ</strong></span> <span class='ocrx_word' id='word_1_188' title='bbox 2120 2779 2266 2844; x_wconf 86' lang='grc' dir='ltr'>θεοῦ</span> <span class='ocrx_word' id='word_1_189' title='bbox 2310 2782 2439 2843; x_wconf 83' lang='grc' dir='ltr'><strong>τῶν</strong></span> <span class='ocrx_word' id='word_1_190' title='bbox 2485 2778 2590 2843; x_wconf 77' lang='grc' dir='ltr'><strong>διὰ</strong></span> <span class='ocrx_word' id='word_1_191' title='bbox 2637 2781 2750 2842; x_wconf 89' lang='grc' dir='ltr'><strong>τοῦ</strong></span> 
     </span>
     <span class='ocr_line' id='line_1_25' title="bbox 341 2878 2752 2969; baseline 0.003 -30"><span class='ocrx_word' id='word_1_192' title='bbox 341 2879 640 2962; x_wconf 79' lang='grc' dir='ltr'>Χριστοῦ</span> <span class='ocrx_word' id='word_1_193' title='bbox 691 2878 1066 2959; x_wconf 65' lang='grc' dir='ltr'>γενομένων·</span> <span class='ocrx_word' id='word_1_194' title='bbox 1116 2878 1277 2957; x_wconf 79' lang='grc' dir='ltr'>ὅμου</span> <span class='ocrx_word' id='word_1_195' title='bbox 1323 2879 1390 2944; x_wconf 86' lang='grc' dir='ltr'><strong>δὲ</strong></span> <span class='ocrx_word' id='word_1_196' title='bbox 1435 2880 1543 2945; x_wconf 86' lang='grc' dir='ltr'><strong>καὶ</strong></span> <span class='ocrx_word' id='word_1_197' title='bbox 1591 2880 1667 2945; x_wconf 82' lang='grc' dir='ltr'><strong>τὸ</strong></span> <span class='ocrx_word' id='word_1_198' title='bbox 1720 2883 1834 2961; x_wconf 86' lang='grc' dir='ltr'><strong>τῆς</strong></span> <span class='ocrx_word' id='word_1_199' title='bbox 1883 2878 2270 2962; x_wconf 78' lang='grc' dir='ltr'>α’ποο-τολῆς</span> <span class='ocrx_word' id='word_1_200' title='bbox 2319 2883 2512 2969; x_wconf 70' lang='grc' dir='ltr'>ἔργον</span> <span class='ocrx_word' id='word_1_201' title='bbox 2560 2883 2752 2961; x_wconf 70' lang='grc' dir='ltr'>ἀναγ-</span> 
     </span>
     <span class='ocr_line' id='line_1_26' title="bbox 339 2979 2754 3070; baseline 0.002 -27"><span class='ocrx_word' id='word_1_202' title='bbox 339 2979 680 3045; x_wconf 85' lang='grc' dir='ltr'>καιότατον</span> <span class='ocrx_word' id='word_1_203' title='bbox 711 2982 917 3069; x_wconf 77' lang='grc' dir='ltr'>ἑαυτῷ</span> <span class='ocrx_word' id='word_1_204' title='bbox 946 2982 1360 3070; x_wconf 82' lang='grc' dir='ltr'>πανταχόθεν</span> <span class='ocrx_word' id='word_1_205' title='bbox 1391 2982 1652 3052; x_wconf 83' lang='grc' dir='ltr'>δεικνύς’</span> <span class='ocrx_word' id='word_1_206' title='bbox 1684 2982 1862 3057; x_wconf 80' lang='grc' dir='ltr'>πλήν</span> <span class='ocrx_word' id='word_1_207' title='bbox 1892 3009 1966 3065; x_wconf 57' lang='grc' dir='ltr'><strong>’γε</strong></span> <span class='ocrx_word' id='word_1_208' title='bbox 2008 2983 2083 3064; x_wconf 74' lang='grc' dir='ltr'><strong>δὴ</strong></span> <span class='ocrx_word' id='word_1_209' title='bbox 2126 2984 2232 3049; x_wconf 84' lang='grc' dir='ltr'><strong>ὅτι</strong></span> <span class='ocrx_word' id='word_1_210' title='bbox 2274 2985 2592 3066; x_wconf 81' lang='grc' dir='ltr'>σύντομον</span> <span class='ocrx_word' id='word_1_211' title='bbox 2637 2988 2754 3065; x_wconf 85' lang='grc' dir='ltr'><strong>τὴν</strong></span> 
     </span>
     <span class='ocr_line' id='line_1_27' title="bbox 340 3081 2757 3176; baseline 0.002 -28"><span class='ocrx_word' id='word_1_212' title='bbox 340 3081 729 3169; x_wconf 65' lang='grc' dir='ltr'>προγραφὴν</span> <span class='ocrx_word' id='word_1_213' title='bbox 759 3084 1127 3165; x_wconf 85' lang='grc' dir='ltr'>ἐποιήσατο,</span> <span class='ocrx_word' id='word_1_214' title='bbox 1150 3086 1584 3166; x_wconf 82' lang='grc' dir='ltr'>καταλλήλως</span> <span class='ocrx_word' id='word_1_215' title='bbox 1613 3087 1722 3152; x_wconf 88' lang='grc' dir='ltr'><strong>καὶ</strong></span> <span class='ocrx_word' id='word_1_216' title='bbox 1751 3090 1940 3152; x_wconf 85' lang='grc' dir='ltr'>τοῦτο</span> <span class='ocrx_word' id='word_1_217' title='bbox 1965 3090 2043 3172; x_wconf 80' lang='grc' dir='ltr'><strong>τῇ</strong></span> <span class='ocrx_word' id='word_1_218' title='bbox 2074 3088 2383 3176; x_wconf 81' lang='grc' dir='ltr'>προθέσει</span> <span class='ocrx_word' id='word_1_219' title='bbox 2415 3093 2530 3154; x_wconf 92' lang='grc' dir='ltr'><strong>τοῦ</strong></span> <span class='ocrx_word' id='word_1_220' title='bbox 2558 3088 2757 3170; x_wconf 76' lang='grc' dir='ltr'>λόγου</span> 
     </span>
     <span class='ocr_line' id='line_1_28' title="bbox 340 3189 2860 3276; baseline 0.005 -26"><span class='ocrx_word' id='word_1_221' title='bbox 340 3189 561 3251; x_wconf 82' lang='grc' dir='ltr'>ποιῶν.</span> <span class='ocrx_word' id='word_1_222' title='bbox 1670 3269 1673 3276; x_wconf 37' lang='grc' dir='ltr'>Ι</span> <span class='ocrx_word' id='word_1_223' title='bbox 2784 3197 2860 3262; x_wconf 82' lang='grc'><strong>25</strong></span> 
     </span>
    </p>

    <p class='ocr_par' dir='ltr' id='par_1_6' title="bbox 340 3287 2756 3586">
     <span class='ocr_line' id='line_1_29' title="bbox 470 3287 2756 3379; baseline 0.003 -27"><span class='ocrx_word' id='word_1_224' title='bbox 470 3287 804 3373; x_wconf 81' lang='grc' dir='ltr'>πρόκειται</span> <span class='ocrx_word' id='word_1_225' title='bbox 850 3289 973 3375; x_wconf 63' lang='grc' dir='ltr'><strong>ργὰρ</strong></span> <span class='ocrx_word' id='word_1_226' title='bbox 1022 3287 1198 3376; x_wconf 76' lang='grc' dir='ltr'>αὐτῷ</span> <span class='ocrx_word' id='word_1_227' title='bbox 1244 3294 1357 3368; x_wconf 85' lang='grc' dir='ltr'><strong>τῆς</strong></span> <span class='ocrx_word' id='word_1_228' title='bbox 1404 3295 1516 3356; x_wconf 91' lang='grc' dir='ltr'><strong>τοῦ</strong></span> <span class='ocrx_word' id='word_1_229' title='bbox 1561 3295 1859 3378; x_wconf 84' lang='grc' dir='ltr'>Χριστοῦ</span> <span class='ocrx_word' id='word_1_230' title='bbox 1905 3294 2267 3378; x_wconf 77' lang='grc' dir='ltr'>παρουσίας</span> <span class='ocrx_word' id='word_1_231' title='bbox 2311 3294 2384 3358; x_wconf 86' lang='grc' dir='ltr'><strong>τὸ</strong></span> <span class='ocrx_word' id='word_1_232' title='bbox 2429 3293 2756 3379; x_wconf 78' lang='grc' dir='ltr'>ὠφέλιμον</span> 
     </span>
     <span class='ocr_line' id='line_1_30' title="bbox 340 3390 2756 3485; baseline 0.004 -30"><span class='ocrx_word' id='word_1_233' title='bbox 340 3390 545 3456; x_wconf 82' lang='grc' dir='ltr'>εἰπεῖν</span> <span class='ocrx_word' id='word_1_234' title='bbox 574 3392 643 3457; x_wconf 85' lang='grc' dir='ltr'><strong>ἐν</strong></span> <span class='ocrx_word' id='word_1_235' title='bbox 672 3390 1088 3478; x_wconf 77' lang='grc' dir='ltr'>εὐχαριστίας</span> <span class='ocrx_word' id='word_1_236' title='bbox 1113 3394 1259 3459; x_wconf 87' lang='grc' dir='ltr'>εἴδει</span> <span class='ocrx_word' id='word_1_237' title='bbox 1290 3396 1639 3476; x_wconf 77' lang='grc' dir='ltr'>συντόμως,</span> <span class='ocrx_word' id='word_1_238' title='bbox 1664 3397 1788 3485; x_wconf 79' lang='grc' dir='ltr'><strong>οὐχ</strong></span> <span class='ocrx_word' id='word_1_239' title='bbox 1820 3397 1904 3467; x_wconf 79' lang='grc' dir='ltr'><strong>ὥς</strong></span> <span class='ocrx_word' id='word_1_240' title='bbox 1936 3400 2043 3464; x_wconf 87' lang='grc' dir='ltr'><strong>ἐπὶ</strong></span> <span class='ocrx_word' id='word_1_241' title='bbox 2074 3403 2185 3478; x_wconf 77' lang='grc' dir='ltr'><strong>τῆς</strong></span> <span class='ocrx_word' id='word_1_242' title='bbox 2215 3398 2375 3482; x_wconf 80' lang='grc' dir='ltr'>πρὸς</span> <span class='ocrx_word' id='word_1_243' title='bbox 2403 3399 2756 3483; x_wconf 73' lang='grc' dir='ltr'>Ῥωμαίους</span> 
     </span>
     <span class='ocr_line' id='line_1_31' title="bbox 342 3493 2407 3586; baseline 0.006 -30"><span class='ocrx_word' id='word_1_244' title='bbox 342 3493 964 3582; x_wconf 72' lang='grc' dir='ltr'>ἐξεργαστικώτερον</span> <span class='ocrx_word' id='word_1_245' title='bbox 994 3500 1102 3561; x_wconf 84' lang='grc' dir='ltr'><strong>καὶ</strong></span> <span class='ocrx_word' id='word_1_246' title='bbox 1131 3498 1296 3578; x_wconf 85' lang='grc' dir='ltr'>μετὰ</span> <span class='ocrx_word' id='word_1_247' title='bbox 1324 3503 1438 3563; x_wconf 86' lang='grc' dir='ltr'><strong>τοῦ</strong></span> <span class='ocrx_word' id='word_1_248' title='bbox 1467 3500 1628 3585; x_wconf 86' lang='grc' dir='ltr'>πρὸς</span> <span class='ocrx_word' id='word_1_249' title='bbox 1659 3500 1806 3573; x_wconf 80' lang='grc' dir='ltr'>τοῦς</span> <span class='ocrx_word' id='word_1_250' title='bbox 1840 3502 2162 3572; x_wconf 74' lang='grc' dir='ltr'>ἐναντίους</span> <span class='ocrx_word' id='word_1_251' title='bbox 2191 3504 2407 3586; x_wconf 68' lang='grc' dir='ltr'>λόγου.</span> 
     </span>
    </p>

    <p class='ocr_par' dir='ltr' id='par_1_7' title="bbox 439 3652 2764 3726">
     <span class='ocr_line' id='line_1_32' title="bbox 439 3652 2764 3726; baseline 0.005 -28"><span class='ocrx_word' id='word_1_252' title='bbox 439 3666 466 3698; x_wconf 79' lang='lat'>2</span> <span class='ocrx_word' id='word_1_253' title='bbox 504 3652 684 3699; x_wconf 85' lang='lat' dir='ltr'><strong>accidit</strong></span> <span class='ocrx_word' id='word_1_254' title='bbox 721 3653 787 3700; x_wconf 80' lang='lat' dir='ltr'><em>H</em></span> <span class='ocrx_word' id='word_1_255' title='bbox 1061 3669 1088 3716; x_wconf 86' lang='lat'>3</span> <span class='ocrx_word' id='word_1_256' title='bbox 1123 3655 1459 3719; x_wconf 86' lang='lat' dir='ltr'><strong>deproperans</strong></span> <span class='ocrx_word' id='word_1_257' title='bbox 1500 3659 1564 3705; x_wconf 82' lang='lat' dir='ltr'><em>H</em></span> <span class='ocrx_word' id='word_1_258' title='bbox 1834 3676 1859 3721; x_wconf 80' lang='lat'>5</span> <span class='ocrx_word' id='word_1_259' title='bbox 1896 3660 1983 3708; x_wconf 85' lang='lat' dir='ltr'><strong>illa</strong></span> <span class='ocrx_word' id='word_1_260' title='bbox 2024 3660 2137 3723; x_wconf 76' lang='lat' dir='ltr'><strong>(sor</strong></span> <span class='ocrx_word' id='word_1_261' title='bbox 2176 3662 2388 3720; x_wconf 75' lang='lat' dir='ltr'><strong>illorum)</strong></span> <span class='ocrx_word' id='word_1_262' title='bbox 2432 3664 2555 3711; x_wconf 80' lang='lat' dir='ltr'><strong>cll:</strong></span> <span class='ocrx_word' id='word_1_263' title='bbox 2613 3671 2692 3710; x_wconf 74' lang='lat' dir='ltr'><strong>txt</strong></span> <span class='ocrx_word' id='word_1_264' title='bbox 2723 3680 2764 3726; x_wconf 76' lang='lat' dir='ltr'><em>g</em></span> 
     </span>
    </p>
   </div>
   <div class='ocr_carea' id='block_1_6' title="bbox 338 3731 2285 3882">
    <p class='ocr_par' dir='ltr' id='par_1_8' title="bbox 338 3731 2285 3882">
     <span class='ocr_line' id='line_1_33' title="bbox 340 3731 2285 3802; baseline 0.007 -22"><span class='ocrx_word' id='word_1_265' title='bbox 340 3731 372 3780; x_wconf 90' lang='lat'><strong>6</strong></span> <span class='ocrx_word' id='word_1_266' title='bbox 408 3735 662 3796; x_wconf 85' lang='lat' dir='ltr'><strong>apostolus</strong></span> <span class='ocrx_word' id='word_1_267' title='bbox 701 3736 766 3783; x_wconf 89' lang='lat' dir='ltr'><em>H</em></span> <span class='ocrx_word' id='word_1_268' title='bbox 1005 3753 1035 3800; x_wconf 85' lang='lat'>9</span> <span class='ocrx_word' id='word_1_269' title='bbox 1069 3749 1453 3802; x_wconf 77' lang='lat' dir='ltr'><strong>consequentem</strong></span> <span class='ocrx_word' id='word_1_270' title='bbox 1489 3743 1554 3789; x_wconf 82' lang='lat' dir='ltr'><strong>ll</strong></span> <span class='ocrx_word' id='word_1_271' title='bbox 1826 3744 1879 3792; x_wconf 84' lang='lat'><strong>16</strong></span> <span class='ocrx_word' id='word_1_272' title='bbox 1916 3746 2184 3793; x_wconf 81' lang='lat' dir='ltr'><strong>aduentum</strong></span> <span class='ocrx_word' id='word_1_273' title='bbox 2224 3747 2285 3793; x_wconf 90' lang='lat' dir='ltr'><strong>ll</strong></span> 
     </span>
     <span class='ocr_line' id='line_1_34' title="bbox 338 3817 2239 3882; baseline 0.006 -20"><span class='ocrx_word' id='word_1_274' title='bbox 338 3832 401 3875; x_wconf 70' lang='grc' dir='ltr'><strong>’γε</strong></span> <span class='ocrx_word' id='word_1_275' title='bbox 423 3817 496 3863; x_wconf 86' lang='grc' dir='ltr'><strong>δεῖ</strong></span> <span class='ocrx_word' id='word_1_276' title='bbox 519 3818 656 3875; x_wconf 88' lang='lat' dir='ltr'><strong>cod.;</strong></span> <span class='ocrx_word' id='word_1_277' title='bbox 711 3833 766 3865; x_wconf 81' lang='lat' dir='ltr'><strong>so</strong></span> <span class='ocrx_word' id='word_1_278' title='bbox 791 3817 894 3878; x_wconf 85' lang='lat' dir='ltr'><strong>Cr.,</strong></span> <span class='ocrx_word' id='word_1_279' title='bbox 924 3819 1137 3882; x_wconf 84' lang='lat' dir='ltr'><strong>adding:</strong></span> <span class='ocrx_word' id='word_1_280' title='bbox 1175 3821 1303 3870; x_wconf 82' lang='lat' dir='ltr'><strong>“sic.</strong></span> <span class='ocrx_word' id='word_1_281' title='bbox 1336 3825 1458 3869; x_wconf 85' lang='grc' dir='ltr'>νοεῖν</span> <span class='ocrx_word' id='word_1_282' title='bbox 1479 3833 1562 3872; x_wconf 85' lang='lat' dir='ltr'><strong>aut</strong></span> <span class='ocrx_word' id='word_1_283' title='bbox 1588 3825 1750 3873; x_wconf 87' lang='lat' dir='ltr'><strong>simile</strong></span> <span class='ocrx_word' id='word_1_284' title='bbox 1775 3827 1977 3874; x_wconf 86' lang='lat' dir='ltr'><strong>uerbum</strong></span> <span class='ocrx_word' id='word_1_285' title='bbox 2005 3825 2239 3875; x_wconf 79' lang='lat' dir='ltr'><strong>excidit.‘’</strong></span> 
     </span>
    </p>
   </div>
   <div class='ocr_carea' id='block_1_7' title="bbox 2530 3750 2759 3810">
    <p class='ocr_par' dir='ltr' id='par_1_9' title="bbox 2530 3750 2759 3810">
     <span class='ocr_line' id='line_1_35' title="bbox 2530 3750 2759 3810; baseline -0.009 -16"><span class='ocrx_word' id='word_1_286' title='bbox 2530 3763 2590 3810; x_wconf 70' lang='lat'><strong>‘23</strong></span> <span class='ocrx_word' id='word_1_287' title='bbox 2628 3750 2759 3804; x_wconf 84' lang='grc' dir='ltr'>πλὴν</span> 
     </span>
    </p>
   </div>
   <div class='ocr_carea' id='block_1_8' title="bbox 343 3956 1498 4265">
    <p class='ocr_par' dir='ltr' id='par_1_10' title="bbox 343 3956 1498 4265">
     <span class='ocr_line' id='line_1_36' title="bbox 413 3956 1496 4025; baseline 0.007 -23"><span class='ocrx_word' id='word_1_288' title='bbox 413 3970 487 4004; x_wconf 85' lang='grc' dir='ltr'><strong>ιο.</strong></span> <span class='ocrx_word' id='word_1_289' title='bbox 581 3956 872 4005; x_wconf 57' lang='lat' dir='ltr'><strong>intera-cisse</strong></span> <span class='ocrx_word' id='word_1_290' title='bbox 926 3959 1175 4019; x_wconf 67' lang='lat' dir='ltr'><strong>uideatur]</strong></span> <span class='ocrx_word' id='word_1_291' title='bbox 1266 3977 1308 4010; x_wconf 87' lang='lat' dir='ltr'><strong>e.</strong></span> <span class='ocrx_word' id='word_1_292' title='bbox 1338 3977 1387 4025; x_wconf 82' lang='lat' dir='ltr'><strong>g.</strong></span> <span class='ocrx_word' id='word_1_293' title='bbox 1445 3963 1496 4010; x_wconf 89' lang='lat' dir='ltr'><strong>in</strong></span> 
     </span>
     <span class='ocr_line' id='line_1_37' title="bbox 344 4036 1491 4105; baseline 0.007 -22"><span class='ocrx_word' id='word_1_294' title='bbox 344 4036 491 4084; x_wconf 87' lang='lat' dir='ltr'><strong>Rom.</strong></span> <span class='ocrx_word' id='word_1_295' title='bbox 523 4036 554 4084; x_wconf 92' lang='lat' dir='ltr'><strong>i.</strong></span> <span class='ocrx_word' id='word_1_296' title='bbox 589 4052 730 4098; x_wconf 77' lang='lat'><strong>2—-7,</strong></span> <span class='ocrx_word' id='word_1_297' title='bbox 766 4039 880 4085; x_wconf 86' lang='lat' dir='ltr'><strong>Gal.</strong></span> <span class='ocrx_word' id='word_1_298' title='bbox 907 4038 940 4085; x_wconf 88' lang='lat' dir='ltr'><strong>i.</strong></span> <span class='ocrx_word' id='word_1_299' title='bbox 973 4055 1011 4096; x_wconf 87' lang='lat'><strong>1,</strong></span> <span class='ocrx_word' id='word_1_300' title='bbox 1042 4055 1185 4101; x_wconf 84' lang='lat'><strong>4—5.</strong></span> <span class='ocrx_word' id='word_1_301' title='bbox 1260 4042 1370 4090; x_wconf 89' lang='lat' dir='ltr'><strong>The</strong></span> <span class='ocrx_word' id='word_1_302' title='bbox 1399 4042 1491 4105; x_wconf 85' lang='lat' dir='ltr'><strong>Ep.</strong></span> 
     </span>
     <span class='ocr_line' id='line_1_38' title="bbox 343 4123 1498 4188; baseline 0.004 -18"><span class='ocrx_word' id='word_1_303' title='bbox 343 4130 395 4170; x_wconf 83' lang='lat' dir='ltr'><strong>to</strong></span> <span class='ocrx_word' id='word_1_304' title='bbox 441 4123 525 4172; x_wconf 89' lang='lat' dir='ltr'><strong>the</strong></span> <span class='ocrx_word' id='word_1_305' title='bbox 575 4123 723 4185; x_wconf 69' lang='lat' dir='ltr'><strong>Eph„</strong></span> <span class='ocrx_word' id='word_1_306' title='bbox 775 4140 840 4172; x_wconf 90' lang='lat' dir='ltr'><strong>on</strong></span> <span class='ocrx_word' id='word_1_307' title='bbox 886 4125 971 4174; x_wconf 89' lang='lat' dir='ltr'><strong>the</strong></span> <span class='ocrx_word' id='word_1_308' title='bbox 1015 4127 1157 4174; x_wconf 82' lang='lat' dir='ltr'><strong>other</strong></span> <span class='ocrx_word' id='word_1_309' title='bbox 1201 4128 1334 4175; x_wconf 86' lang='lat' dir='ltr'><strong>hand</strong></span> <span class='ocrx_word' id='word_1_310' title='bbox 1384 4128 1498 4188; x_wconf 77' lang='lat' dir='ltr'><strong>(Th.</strong></span> 
     </span>
     <span class='ocr_line' id='line_1_39' title="bbox 344 4202 1497 4265; baseline 0.003 -15"><span class='ocrx_word' id='word_1_311' title='bbox 344 4204 508 4250; x_wconf 86' lang='lat' dir='ltr'><strong>would</strong></span> <span class='ocrx_word' id='word_1_312' title='bbox 535 4202 638 4265; x_wconf 86' lang='lat' dir='ltr'><strong>say)</strong></span> <span class='ocrx_word' id='word_1_313' title='bbox 673 4204 845 4264; x_wconf 78' lang='lat' dir='ltr'><strong>begins</strong></span> <span class='ocrx_word' id='word_1_314' title='bbox 869 4205 987 4253; x_wconf 82' lang='lat' dir='ltr'><strong>with</strong></span> <span class='ocrx_word' id='word_1_315' title='bbox 1011 4222 1040 4253; x_wconf 86' lang='lat' dir='ltr'><strong>a</strong></span> <span class='ocrx_word' id='word_1_316' title='bbox 1063 4208 1194 4254; x_wconf 78' lang='lat' dir='ltr'><strong>brief</strong></span> <span class='ocrx_word' id='word_1_317' title='bbox 1218 4208 1497 4262; x_wconf 56' lang='lat' dir='ltr'><strong>salutatum,</strong></span> 
     </span>
    </p>
   </div>
   <div class='ocr_carea' id='block_1_9' title="bbox 1599 3964 2760 4268">
    <p class='ocr_par' dir='ltr' id='par_1_11' title="bbox 1599 3964 2760 4268">
     <span class='ocr_line' id='line_1_40' title="bbox 1599 3964 2724 4026; baseline 0.002 -15"><span class='ocrx_word' id='word_1_318' title='bbox 1599 3964 1753 4026; x_wconf 81' lang='lat' dir='ltr'><strong>being</strong></span> <span class='ocrx_word' id='word_1_319' title='bbox 1776 3965 1926 4013; x_wconf 84' lang='lat' dir='ltr'><strong>found</strong></span> <span class='ocrx_word' id='word_1_320' title='bbox 1953 3966 2056 4013; x_wconf 77' lang='lat' dir='ltr'><strong>also</strong></span> <span class='ocrx_word' id='word_1_321' title='bbox 2080 3967 2129 4013; x_wconf 90' lang='lat' dir='ltr'><strong>in</strong></span> <span class='ocrx_word' id='word_1_322' title='bbox 2158 3982 2181 4014; x_wconf 85' lang='lat'>2</span> <span class='ocrx_word' id='word_1_323' title='bbox 2209 3967 2346 4022; x_wconf 64' lang='lat' dir='ltr'><strong>Cor„</strong></span> <span class='ocrx_word' id='word_1_324' title='bbox 2378 3967 2508 4023; x_wconf 62' lang='lat' dir='ltr'><strong>Col„</strong></span> <span class='ocrx_word' id='word_1_325' title='bbox 2540 3983 2564 4014; x_wconf 82' lang='lat'>2</span> <span class='ocrx_word' id='word_1_326' title='bbox 2592 3966 2724 4014; x_wconf 88' lang='lat' dir='ltr'><strong>Tim.</strong></span> 
     </span>
     <span class='ocr_line' id='line_1_41' title="bbox 1674 4047 2758 4107; baseline 0.002 -16"><span class='ocrx_word' id='word_1_327' title='bbox 1674 4059 1691 4090; x_wconf 90' lang='lat'>1</span> <span class='ocrx_word' id='word_1_328' title='bbox 1708 4060 1745 4092; x_wconf 84' lang='lat'><strong>1.</strong></span> <span class='ocrx_word' id='word_1_329' title='bbox 1808 4047 2147 4107; x_wconf 58' lang='lat' dir='ltr'><strong>prolongaret]</strong></span> <span class='ocrx_word' id='word_1_330' title='bbox 2201 4049 2281 4094; x_wconf 82' lang='lat' dir='ltr'><strong>On</strong></span> <span class='ocrx_word' id='word_1_331' title='bbox 2312 4047 2758 4107; x_wconf 65' lang='lat' dir='ltr'><strong>prolongarczua-</strong></span> 
     </span>
     <span class='ocr_line' id='line_1_42' title="bbox 1603 4127 2556 4190; baseline -0.002 -18"><span class='ocrx_word' id='word_1_332' title='bbox 1603 4127 1805 4186; x_wconf 81' lang='grc' dir='ltr'>κρύνειν,</span> <span class='ocrx_word' id='word_1_333' title='bbox 1837 4142 1917 4174; x_wconf 82' lang='lat' dir='ltr'><strong>see</strong></span> <span class='ocrx_word' id='word_1_334' title='bbox 1946 4127 2162 4182; x_wconf 61' lang='lat' dir='ltr'><strong>Rasnsch,</strong></span> <span class='ocrx_word' id='word_1_335' title='bbox 2196 4127 2341 4183; x_wconf 62' lang='lat' dir='ltr'><strong>lſtrrla,</strong></span> <span class='ocrx_word' id='word_1_336' title='bbox 2373 4142 2421 4188; x_wconf 85' lang='lat' dir='ltr'><strong>p.</strong></span> <span class='ocrx_word' id='word_1_337' title='bbox 2458 4141 2556 4190; x_wconf 83' lang='lat'><strong>¹97·</strong></span> 
     </span>
     <span class='ocr_line' id='line_1_43' title="bbox 1676 4207 2760 4268; baseline 0.002 -15"><span class='ocrx_word' id='word_1_338' title='bbox 1676 4222 1691 4253; x_wconf 90' lang='lat'>1</span> <span class='ocrx_word' id='word_1_339' title='bbox 1705 4221 1748 4267; x_wconf 88' lang='lat'><strong>7.</strong></span> <span class='ocrx_word' id='word_1_340' title='bbox 1819 4223 1916 4254; x_wconf 80' lang='lat' dir='ltr'><strong>non</strong></span> <span class='ocrx_word' id='word_1_341' title='bbox 1934 4208 2070 4262; x_wconf 67' lang='lat' dir='ltr'><strong>sicul,</strong></span> <span class='ocrx_word' id='word_1_342' title='bbox 2090 4207 2201 4265; x_wconf 50' lang='lat' dir='ltr'><strong>mm]</strong></span> <span class='ocrx_word' id='word_1_343' title='bbox 2227 4207 2336 4253; x_wconf 83' lang='lat' dir='ltr'><strong>The</strong></span> <span class='ocrx_word' id='word_1_344' title='bbox 2354 4207 2587 4268; x_wconf 79' lang='lat' dir='ltr'><strong>prologue</strong></span> <span class='ocrx_word' id='word_1_345' title='bbox 2607 4215 2658 4254; x_wconf 90' lang='lat' dir='ltr'><strong>to</strong></span> <span class='ocrx_word' id='word_1_346' title='bbox 2677 4208 2760 4255; x_wconf 77' lang='lat' dir='ltr'><strong>the</strong></span> 
     </span>
    </p>
   </div>
   <div class='ocr_carea' id='block_1_10' title="bbox 341 4284 1503 4597">
    <p class='ocr_par' dir='ltr' id='par_1_12' title="bbox 341 4284 1503 4597">
     <span class='ocr_line' id='line_1_44' title="bbox 343 4284 1503 4352; baseline 0.003 -19"><span class='ocrx_word' id='word_1_347' title='bbox 343 4286 393 4334; x_wconf 89' lang='lat' dir='ltr'><strong>in</strong></span> <span class='ocrx_word' id='word_1_348' title='bbox 431 4284 590 4333; x_wconf 82' lang='lat' dir='ltr'><strong>which</strong></span> <span class='ocrx_word' id='word_1_349' title='bbox 641 4286 723 4334; x_wconf 81' lang='lat' dir='ltr'><strong>the</strong></span> <span class='ocrx_word' id='word_1_350' title='bbox 758 4288 874 4348; x_wconf 90' lang='lat' dir='ltr'><strong>only</strong></span> <span class='ocrx_word' id='word_1_351' title='bbox 909 4289 1069 4336; x_wconf 87' lang='lat' dir='ltr'><strong>words</strong></span> <span class='ocrx_word' id='word_1_352' title='bbox 1104 4299 1188 4336; x_wconf 86' lang='lat' dir='ltr'><strong>not</strong></span> <span class='ocrx_word' id='word_1_353' title='bbox 1226 4290 1503 4352; x_wconf 68' lang='lat' dir='ltr'><strong>absolutely</strong></span> 
     </span>
     <span class='ocr_line' id='line_1_45' title="bbox 341 4368 1499 4430; baseline 0.001 -14"><span class='ocrx_word' id='word_1_354' title='bbox 341 4384 603 4430; x_wconf 72' lang='lat' dir='ltr'><strong>necessary</strong></span> <span class='ocrx_word' id='word_1_355' title='bbox 627 4377 679 4416; x_wconf 92' lang='lat' dir='ltr'><strong>to</strong></span> <span class='ocrx_word' id='word_1_356' title='bbox 703 4369 788 4417; x_wconf 89' lang='lat' dir='ltr'><strong>the</strong></span> <span class='ocrx_word' id='word_1_357' title='bbox 812 4385 950 4416; x_wconf 77' lang='lat' dir='ltr'><strong>sense</strong></span> <span class='ocrx_word' id='word_1_358' title='bbox 974 4385 1055 4417; x_wconf 85' lang='lat' dir='ltr'><strong>are</strong></span> <span class='ocrx_word' id='word_1_359' title='bbox 1085 4368 1246 4428; x_wconf 88' lang='grc' dir='ltr'>Ἰησοῦ</span> <span class='ocrx_word' id='word_1_360' title='bbox 1272 4372 1499 4429; x_wconf 79' lang='grc' dir='ltr'>Χριστοῦ,</span> 
     </span>
     <span class='ocr_line' id='line_1_46' title="bbox 344 4451 1503 4508; baseline 0.003 -10"><span class='ocrx_word' id='word_1_361' title='bbox 344 4452 420 4498; x_wconf 86' lang='grc' dir='ltr'><strong>διὰ</strong></span> <span class='ocrx_word' id='word_1_362' title='bbox 459 4452 728 4506; x_wconf 73' lang='grc' dir='ltr'>θελήματος</span> <span class='ocrx_word' id='word_1_363' title='bbox 769 4451 905 4508; x_wconf 55' lang='lat' dir='ltr'><strong>&amp;eosq</strong></span> <span class='ocrx_word' id='word_1_364' title='bbox 952 4453 1048 4499; x_wconf 86' lang='lat' dir='ltr'><strong>and</strong></span> <span class='ocrx_word' id='word_1_365' title='bbox 1086 4469 1209 4501; x_wconf 77' lang='lat' dir='ltr'><strong>even</strong></span> <span class='ocrx_word' id='word_1_366' title='bbox 1249 4455 1383 4501; x_wconf 63' lang='lat' dir='ltr'><strong>these</strong></span> <span class='ocrx_word' id='word_1_367' title='bbox 1420 4469 1503 4502; x_wconf 88' lang='lat' dir='ltr'><strong>are</strong></span> 
     </span>
     <span class='ocr_line' id='line_1_47' title="bbox 343 4532 1497 4597; baseline 0.003 -18"><span class='ocrx_word' id='word_1_368' title='bbox 343 4539 430 4579; x_wconf 90' lang='lat' dir='ltr'><strong>not</strong></span> <span class='ocrx_word' id='word_1_369' title='bbox 458 4532 675 4594; x_wconf 85' lang='lat' dir='ltr'><strong>peculiar</strong></span> <span class='ocrx_word' id='word_1_370' title='bbox 712 4539 764 4580; x_wconf 87' lang='lat' dir='ltr'><strong>to</strong></span> <span class='ocrx_word' id='word_1_371' title='bbox 802 4532 884 4578; x_wconf 80' lang='lat' dir='ltr'><strong>the</strong></span> <span class='ocrx_word' id='word_1_372' title='bbox 922 4533 1139 4597; x_wconf 82' lang='lat' dir='ltr'><strong>opening</strong></span> <span class='ocrx_word' id='word_1_373' title='bbox 1171 4532 1226 4579; x_wconf 86' lang='lat' dir='ltr'><strong>os</strong></span> <span class='ocrx_word' id='word_1_374' title='bbox 1258 4534 1353 4582; x_wconf 83' lang='lat' dir='ltr'><strong>this</strong></span> <span class='ocrx_word' id='word_1_375' title='bbox 1381 4536 1497 4597; x_wconf 66' lang='lat' dir='ltr'><strong>Ep„</strong></span> 
     </span>
    </p>
   </div>
   <div class='ocr_carea' id='block_1_11' title="bbox 1603 4289 2761 4596">
    <p class='ocr_par' dir='ltr' id='par_1_13' title="bbox 1603 4289 2761 4596">
     <span class='ocr_line' id='line_1_48' title="bbox 1607 4289 2761 4351; baseline 0.003 -17"><span class='ocrx_word' id='word_1_376' title='bbox 1607 4289 1829 4336; x_wconf 79' lang='lat' dir='ltr'><strong>Romans</strong></span> <span class='ocrx_word' id='word_1_377' title='bbox 1864 4290 2058 4336; x_wconf 74' lang='lat' dir='ltr'><strong>bristles</strong></span> <span class='ocrx_word' id='word_1_378' title='bbox 2096 4291 2211 4336; x_wconf 75' lang='lat' dir='ltr'><strong>with</strong></span> <span class='ocrx_word' id='word_1_379' title='bbox 2250 4290 2449 4349; x_wconf 63' lang='lat' dir='ltr'><strong>phrases</strong></span> <span class='ocrx_word' id='word_1_380' title='bbox 2484 4289 2761 4351; x_wconf 80' lang='lat' dir='ltr'><strong>suggestive</strong></span> 
     </span>
     <span class='ocr_line' id='line_1_49' title="bbox 1603 4370 2760 4432; baseline 0.002 -15"><span class='ocrx_word' id='word_1_381' title='bbox 1603 4370 1663 4417; x_wconf 84' lang='lat' dir='ltr'><strong>of</strong></span> <span class='ocrx_word' id='word_1_382' title='bbox 1688 4370 1850 4432; x_wconf 79' lang='lat' dir='ltr'><strong>points</strong></span> <span class='ocrx_word' id='word_1_383' title='bbox 1874 4371 1931 4417; x_wconf 85' lang='lat' dir='ltr'><strong>os</strong></span> <span class='ocrx_word' id='word_1_384' title='bbox 1955 4375 2151 4418; x_wconf 75' lang='lat' dir='ltr'><strong>contrm</strong></span> <span class='ocrx_word' id='word_1_385' title='bbox 2165 4388 2286 4432; x_wconf 61' lang='lat' dir='ltr'><strong>ersy‚</strong></span> <span class='ocrx_word' id='word_1_386' title='bbox 2318 4370 2477 4418; x_wconf 80' lang='lat' dir='ltr'><strong>which</strong></span> <span class='ocrx_word' id='word_1_387' title='bbox 2504 4388 2585 4418; x_wconf 83' lang='lat' dir='ltr'><strong>are</strong></span> <span class='ocrx_word' id='word_1_388' title='bbox 2617 4371 2760 4419; x_wconf 75' lang='lat' dir='ltr'><strong>after·</strong></span> 
     </span>
     <span class='ocr_line' id='line_1_50' title="bbox 1605 4451 2760 4514; baseline 0.004 -18"><span class='ocrx_word' id='word_1_389' title='bbox 1605 4452 1766 4498; x_wconf 77' lang='lat' dir='ltr'><strong>wards</strong></span> <span class='ocrx_word' id='word_1_390' title='bbox 1791 4451 1937 4499; x_wconf 81' lang='lat' dir='ltr'><strong>taken</strong></span> <span class='ocrx_word' id='word_1_391' title='bbox 1973 4469 2038 4514; x_wconf 82' lang='lat' dir='ltr'><strong>up</strong></span> <span class='ocrx_word' id='word_1_392' title='bbox 2070 4455 2165 4499; x_wconf 84' lang='lat' dir='ltr'><strong>and</strong></span> <span class='ocrx_word' id='word_1_393' title='bbox 2201 4453 2413 4500; x_wconf 75' lang='lat' dir='ltr'><strong>handled</strong></span> <span class='ocrx_word' id='word_1_394' title='bbox 2441 4464 2489 4500; x_wconf 80' lang='lat' dir='ltr'><strong>nt</strong></span> <span class='ocrx_word' id='word_1_395' title='bbox 2517 4452 2684 4514; x_wconf 80' lang='lat' dir='ltr'><strong>length</strong></span> <span class='ocrx_word' id='word_1_396' title='bbox 2711 4454 2760 4501; x_wconf 89' lang='lat' dir='ltr'><strong>in</strong></span> 
     </span>
     <span class='ocr_line' id='line_1_51' title="bbox 1606 4533 2761 4596; baseline 0.002 -16"><span class='ocrx_word' id='word_1_397' title='bbox 1606 4533 1689 4581; x_wconf 79' lang='lat' dir='ltr'><strong>the</strong></span> <span class='ocrx_word' id='word_1_398' title='bbox 1731 4535 1922 4596; x_wconf 62' lang='lat' dir='ltr'><strong>lipistle</strong></span> <span class='ocrx_word' id='word_1_399' title='bbox 1965 4535 2086 4596; x_wconf 55' lang='lat' dir='ltr'><strong>(eng.</strong></span> <span class='ocrx_word' id='word_1_400' title='bbox 2134 4538 2420 4595; x_wconf 59' lang='grc' dir='ltr'><strong>εὐαγγέλιον</strong></span> <span class='ocrx_word' id='word_1_401' title='bbox 2461 4536 2761 4584; x_wconf 72' lang='grc' dir='ltr'>θεοῦ-κατὰ</span> 
     </span>
    </p>
   </div>
  </div>
 </body>
</html>
