<?xml version="1.0" encoding="UTF-8"?>
<!DOCTYPE html PUBLIC "-//W3C//DTD XHTML 1.0 Transitional//EN"
    "http://www.w3.org/TR/xhtml1/DTD/xhtml1-transitional.dtd">
<html xmlns="http://www.w3.org/1999/xhtml" xml:lang="en" lang="en">
 <head>
  <title>
</title>
<meta http-equiv="Content-Type" content="text/html;charset=utf-8" />
  <meta name='ocr-system' content='tesseract 3.04.00' />
  <meta name='ocr-capabilities' content='ocr_page ocr_carea ocr_par ocr_line ocrx_word'/>
</head>
<body>
  <div class='ocr_page' id='page_1' title='image "./theodoriepiscop00mopsgoog_0379.png"; bbox 0 0 3293 5233; ppageno 0'>
   <div class='ocr_carea' id='block_1_1' title="bbox 27 1469 35 2367">
    <p class='ocr_par' dir='ltr' id='par_1_1' title="bbox 27 1469 35 2367">
     <span class='ocr_line' id='line_1_1' title="bbox 27 1469 35 2367; baseline 0 0"><span class='ocrx_word' id='word_1_1' title='bbox 27 1469 35 2367; x_wconf 95' lang='lat' dir='ltr'> </span> 
     </span>
    </p>
   </div>
   <div class='ocr_carea' id='block_1_2' title="bbox 25 1469 35 2555">
    <p class='ocr_par' dir='ltr' id='par_1_2' title="bbox 25 1469 35 2555">
     <span class='ocr_line' id='line_1_2' title="bbox 25 1469 35 2555; baseline 0 0"><span class='ocrx_word' id='word_1_2' title='bbox 25 1469 35 2555; x_wconf 95' lang='lat' dir='ltr'> </span> 
     </span>
    </p>
   </div>
   <div class='ocr_carea' id='block_1_3' title="bbox 23 3589 26 4561">
    <p class='ocr_par' dir='ltr' id='par_1_3' title="bbox 23 3589 26 4561">
     <span class='ocr_line' id='line_1_3' title="bbox 23 3589 26 4561; baseline 0 0"><span class='ocrx_word' id='word_1_3' title='bbox 23 3589 26 4561; x_wconf 95' lang='lat' dir='ltr'> </span> 
     </span>
    </p>
   </div>
   <div class='ocr_carea' id='block_1_4' title="bbox 370 391 2767 477">
    <p class='ocr_par' dir='ltr' id='par_1_4' title="bbox 370 391 2767 477">
     <span class='ocr_line' id='line_1_4' title="bbox 370 391 2767 477; baseline -0.001 -22"><span class='ocrx_word' id='word_1_4' title='bbox 370 392 420 457; x_wconf 92' lang='lat'>1.</span> <span class='ocrx_word' id='word_1_5' title='bbox 455 407 554 476; x_wconf 85' lang='lat'>27,</span> <span class='ocrx_word' id='word_1_6' title='bbox 587 392 716 477; x_wconf 85' lang='lat'><strong>28.]</strong></span> <span class='ocrx_word' id='word_1_7' title='bbox 1099 406 1183 457; x_wconf 77' lang='lat' dir='ltr'>m</span> <span class='ocrx_word' id='word_1_8' title='bbox 1230 405 1336 458; x_wconf 76' lang='grc' dir='ltr'>ΕΡ.</span> <span class='ocrx_word' id='word_1_9' title='bbox 1383 406 1486 457; x_wconf 77' lang='lat' dir='ltr'>AD</span> <span class='ocrx_word' id='word_1_10' title='bbox 1530 407 2053 461; x_wconf 76' lang='lat' dir='ltr'>COLossENsES.</span> <span class='ocrx_word' id='word_1_11' title='bbox 2649 391 2767 455; x_wconf 88' lang='lat'>281</span> 
     </span>
    </p>
   </div>
   <div class='ocr_carea' id='block_1_5' title="bbox 367 575 2895 2001">
    <p class='ocr_par' dir='ltr' id='par_1_5' title="bbox 367 575 2895 2001">
     <span class='ocr_line' id='line_1_5' title="bbox 370 575 2778 663; baseline -0.001 -22"><span class='ocrx_word' id='word_1_12' title='bbox 370 584 439 641; x_wconf 89' lang='lat' dir='ltr'>et</span> <span class='ocrx_word' id='word_1_13' title='bbox 468 576 534 639; x_wconf 91' lang='lat' dir='ltr'>in</span> <span class='ocrx_word' id='word_1_14' title='bbox 567 575 679 640; x_wconf 91' lang='lat' dir='ltr'>illa</span> <span class='ocrx_word' id='word_1_15' title='bbox 707 576 991 660; x_wconf 86' lang='lat' dir='ltr'>epistola</span> <span class='ocrx_word' id='word_1_16' title='bbox 1021 586 1090 643; x_wconf 90' lang='lat' dir='ltr'>et</span> <span class='ocrx_word' id='word_1_17' title='bbox 1119 578 1187 642; x_wconf 88' lang='lat' dir='ltr'>in</span> <span class='ocrx_word' id='word_1_18' title='bbox 1219 577 1345 643; x_wconf 89' lang='lat' dir='ltr'>ista</span> <span class='ocrx_word' id='word_1_19' title='bbox 1374 577 1679 643; x_wconf 87' lang='lat' dir='ltr'>similiter</span> <span class='ocrx_word' id='word_1_20' title='bbox 1707 580 2007 663; x_wconf 81' lang='lat' dir='ltr'>posuisse</span> <span class='ocrx_word' id='word_1_21' title='bbox 2045 579 2321 645; x_wconf 86' lang='lat' dir='ltr'>uidetur.</span> <span class='ocrx_word' id='word_1_22' title='bbox 2410 576 2573 642; x_wconf 89' lang='lat' dir='ltr'>dicit</span> <span class='ocrx_word' id='word_1_23' title='bbox 2620 595 2778 659; x_wconf 84' lang='lat' dir='ltr'>ergo</span> 
     </span>
     <span class='ocr_line' id='line_1_6' title="bbox 367 679 2779 759; baseline 0 -18"><span class='ocrx_word' id='word_1_24' title='bbox 367 680 686 759; x_wconf 87' lang='lat' dir='ltr'>quoniam</span> <span class='ocrx_word' id='word_1_25' title='bbox 738 680 1207 743; x_wconf 84' lang='lat' dir='ltr'>‘ministerium</span> <span class='ocrx_word' id='word_1_26' title='bbox 1259 679 1386 745; x_wconf 92' lang='lat' dir='ltr'>hoc</span> <span class='ocrx_word' id='word_1_27' title='bbox 1439 682 1869 745; x_wconf 89' lang='lat' dir='ltr'>commissum</span> <span class='ocrx_word' id='word_1_28' title='bbox 1922 692 2025 746; x_wconf 90' lang='lat' dir='ltr'>est</span> <span class='ocrx_word' id='word_1_29' title='bbox 2077 682 2239 746; x_wconf 90' lang='lat' dir='ltr'>mihi</span> <span class='ocrx_word' id='word_1_30' title='bbox 2284 703 2325 744; x_wconf 92' lang='lat' dir='ltr'>a</span> <span class='ocrx_word' id='word_1_31' title='bbox 2371 681 2521 744; x_wconf 92' lang='lat' dir='ltr'>Deo</span> <span class='ocrx_word' id='word_1_32' title='bbox 2567 680 2660 744; x_wconf 87' lang='lat' dir='ltr'>ita</span> <span class='ocrx_word' id='word_1_33' title='bbox 2704 688 2779 743; x_wconf 91' lang='lat' dir='ltr'>ut</span> 
     </span>
     <span class='ocr_line' id='line_1_7' title="bbox 369 781 2778 865; baseline 0.001 -23"><span class='ocrx_word' id='word_1_34' title='bbox 369 798 601 843; x_wconf 90' lang='lat' dir='ltr'>omnes</span> <span class='ocrx_word' id='word_1_35' title='bbox 653 781 932 846; x_wconf 88' lang='lat' dir='ltr'>doceam</span> <span class='ocrx_word' id='word_1_36' title='bbox 984 782 1147 846; x_wconf 92' lang='lat' dir='ltr'>illud</span> <span class='ocrx_word' id='word_1_37' title='bbox 1199 785 1380 865; x_wconf 92' lang='lat' dir='ltr'>quod</span> <span class='ocrx_word' id='word_1_38' title='bbox 1442 782 1602 846; x_wconf 90' lang='lat' dir='ltr'>olim</span> <span class='ocrx_word' id='word_1_39' title='bbox 1657 785 1968 848; x_wconf 89' lang='lat' dir='ltr'>omnibus</span> <span class='ocrx_word' id='word_1_40' title='bbox 2015 792 2157 847; x_wconf 89' lang='lat' dir='ltr'>erat</span> <span class='ocrx_word' id='word_1_41' title='bbox 2211 785 2554 862; x_wconf 85' lang='lat' dir='ltr'>incertum,</span> <span class='ocrx_word' id='word_1_42' title='bbox 2604 799 2778 846; x_wconf 89' lang='lat' dir='ltr'>nunc</span> 
     </span>
     <span class='ocr_line' id='line_1_8' title="bbox 371 882 2779 969; baseline 0.002 -27"><span class='ocrx_word' id='word_1_43' title='bbox 371 900 529 943; x_wconf 88' lang='lat' dir='ltr'>uero</span> <span class='ocrx_word' id='word_1_44' title='bbox 589 884 834 945; x_wconf 85' lang='lat' dir='ltr'>sanctis</span> <span class='ocrx_word' id='word_1_45' title='bbox 887 885 1027 947; x_wconf 91' lang='lat' dir='ltr'>eius</span> <span class='ocrx_word' id='word_1_46' title='bbox 1086 893 1188 947; x_wconf 87' lang='lat' dir='ltr'>est</span> <span class='ocrx_word' id='word_1_47' title='bbox 1246 882 1627 967; x_wconf 85' lang='lat' dir='ltr'>cognitum.’</span> <span class='ocrx_word' id='word_1_48' title='bbox 1741 887 1900 968; x_wconf 91' lang='lat' dir='ltr'>quid</span> <span class='ocrx_word' id='word_1_49' title='bbox 1955 887 2120 950; x_wconf 92' lang='lat' dir='ltr'>illud</span> <span class='ocrx_word' id='word_1_50' title='bbox 2181 885 2360 950; x_wconf 85' lang='lat' dir='ltr'>tale?</span> <span class='ocrx_word' id='word_1_51' title='bbox 2448 885 2628 969; x_wconf 90' lang='lat' dir='ltr'>quod</span> <span class='ocrx_word' id='word_1_52' title='bbox 2689 883 2779 947; x_wconf 95' lang='lat' dir='ltr'>ob</span> 
     </span>
     <span class='ocr_line' id='line_1_9' title="bbox 370 983 2884 1072; baseline 0.001 -24"><span class='ocrx_word' id='word_1_53' title='bbox 370 983 650 1048; x_wconf 89' lang='lat' dir='ltr'>multam</span> <span class='ocrx_word' id='word_1_54' title='bbox 697 1007 886 1050; x_wconf 90' lang='lat' dir='ltr'>suam</span> <span class='ocrx_word' id='word_1_55' title='bbox 931 986 1302 1053; x_wconf 88' lang='lat' dir='ltr'>bonitatem</span> <span class='ocrx_word' id='word_1_56' title='bbox 1349 1000 1417 1054; x_wconf 87' lang='lat' dir='ltr'>et</span> <span class='ocrx_word' id='word_1_57' title='bbox 1460 988 1709 1072; x_wconf 83' lang='lat' dir='ltr'>gloriae</span> <span class='ocrx_word' id='word_1_58' title='bbox 1750 988 2216 1053; x_wconf 86' lang='lat' dir='ltr'><strong>liberalitatem</strong></span> <span class='ocrx_word' id='word_1_59' title='bbox 2258 989 2460 1053; x_wconf 87' lang='lat' dir='ltr'>etiam</span> <span class='ocrx_word' id='word_1_60' title='bbox 2507 996 2575 1051; x_wconf 88' lang='lat' dir='ltr'>et</span> <span class='ocrx_word' id='word_1_61' title='bbox 2618 1007 2779 1071; x_wconf 84' lang='lat' dir='ltr'>gen·</span> <span class='ocrx_word' id='word_1_62' title='bbox 2853 999 2884 1066; x_wconf 88' lang='lat'><strong>5</strong></span> 
     </span>
     <span class='ocr_line' id='line_1_10' title="bbox 371 1087 2780 1175; baseline 0.001 -25"><span class='ocrx_word' id='word_1_63' title='bbox 371 1087 547 1152; x_wconf 87' lang='lat' dir='ltr'>tibus</span> <span class='ocrx_word' id='word_1_64' title='bbox 595 1090 895 1162; x_wconf 76' lang='lat' dir='ltr'>similiter</span> <span class='ocrx_word' id='word_1_65' title='bbox 941 1113 1168 1156; x_wconf 88' lang='lat' dir='ltr'>eorum</span> <span class='ocrx_word' id='word_1_66' title='bbox 1215 1093 1520 1175; x_wconf 85' lang='lat' dir='ltr'>praebuit</span> <span class='ocrx_word' id='word_1_67' title='bbox 1565 1092 1959 1156; x_wconf 86' lang='lat' dir='ltr'>fruitionem.</span> <span class='ocrx_word' id='word_1_68' title='bbox 2052 1112 2208 1155; x_wconf 91' lang='lat' dir='ltr'>nam</span> <span class='ocrx_word' id='word_1_69' title='bbox 2270 1091 2559 1174; x_wconf 86' lang='lat' dir='ltr'>antiquis</span> <span class='ocrx_word' id='word_1_70' title='bbox 2612 1099 2780 1153; x_wconf 90' lang='lat' dir='ltr'>tem-</span> 
     </span>
     <span class='ocr_line' id='line_1_11' title="bbox 370 1192 2782 1278; baseline 0.002 -23"><span class='ocrx_word' id='word_1_71' title='bbox 370 1192 641 1274; x_wconf 86' lang='lat' dir='ltr'>poribus</span> <span class='ocrx_word' id='word_1_72' title='bbox 671 1195 886 1258; x_wconf 92' lang='lat' dir='ltr'>omnis</span> <span class='ocrx_word' id='word_1_73' title='bbox 917 1197 1131 1277; x_wconf 89' lang='lat' dir='ltr'>pietas</span> <span class='ocrx_word' id='word_1_74' title='bbox 1162 1197 1228 1258; x_wconf 91' lang='lat' dir='ltr'>in</span> <span class='ocrx_word' id='word_1_75' title='bbox 1273 1196 1671 1260; x_wconf 86' lang='lat' dir='ltr'>Iudaeorum</span> <span class='ocrx_word' id='word_1_76' title='bbox 1703 1216 1941 1278; x_wconf 86' lang='lat' dir='ltr'><strong>genere</strong></span> <span class='ocrx_word' id='word_1_77' title='bbox 1971 1196 2463 1278; x_wconf 86' lang='lat' dir='ltr'>circumscripta</span> <span class='ocrx_word' id='word_1_78' title='bbox 2493 1195 2782 1259; x_wconf 88' lang='lat' dir='ltr'>habeba-</span> 
     </span>
     <span class='ocr_line' id='line_1_12' title="bbox 370 1295 2780 1380; baseline 0.002 -25"><span class='ocrx_word' id='word_1_79' title='bbox 370 1302 491 1368; x_wconf 87' lang='lat' dir='ltr'>tur,</span> <span class='ocrx_word' id='word_1_80' title='bbox 537 1295 849 1375; x_wconf 87' lang='lat' dir='ltr'>gentibus</span> <span class='ocrx_word' id='word_1_81' title='bbox 890 1316 1047 1360; x_wconf 88' lang='lat' dir='ltr'>uero</span> <span class='ocrx_word' id='word_1_82' title='bbox 1095 1296 1276 1361; x_wconf 88' lang='lat' dir='ltr'>nulla</span> <span class='ocrx_word' id='word_1_83' title='bbox 1316 1300 1400 1361; x_wconf 88' lang='lat' dir='ltr'>ad</span> <span class='ocrx_word' id='word_1_84' title='bbox 1443 1318 1557 1361; x_wconf 87' lang='lat' dir='ltr'>eos</span> <span class='ocrx_word' id='word_1_85' title='bbox 1594 1307 1737 1361; x_wconf 89' lang='lat' dir='ltr'>erat</span> <span class='ocrx_word' id='word_1_86' title='bbox 1774 1300 2094 1375; x_wconf 87' lang='lat' dir='ltr'>societas;</span> <span class='ocrx_word' id='word_1_87' title='bbox 2156 1297 2576 1380; x_wconf 87' lang='lat' dir='ltr'>euangelium</span> <span class='ocrx_word' id='word_1_88' title='bbox 2623 1317 2780 1360; x_wconf 89' lang='lat' dir='ltr'>uero</span> 
     </span>
     <span class='ocr_line' id='line_1_13' title="bbox 370 1399 2782 1482; baseline 0.002 -27"><span class='ocrx_word' id='word_1_89' title='bbox 370 1413 792 1459; x_wconf 91' lang='lat' dir='ltr'>communem</span> <span class='ocrx_word' id='word_1_90' title='bbox 841 1399 1149 1462; x_wconf 89' lang='lat' dir='ltr'>omnibus</span> <span class='ocrx_word' id='word_1_91' title='bbox 1211 1399 1579 1464; x_wconf 86' lang='lat' dir='ltr'>futurorum</span> <span class='ocrx_word' id='word_1_92' title='bbox 1634 1401 1939 1482; x_wconf 87' lang='lat' dir='ltr'>promisit</span> <span class='ocrx_word' id='word_1_93' title='bbox 1987 1400 2437 1476; x_wconf 86' lang='lat' dir='ltr'>donationem,</span> <span class='ocrx_word' id='word_1_94' title='bbox 2486 1400 2666 1481; x_wconf 90' lang='lat' dir='ltr'>quod</span> <span class='ocrx_word' id='word_1_95' title='bbox 2712 1408 2782 1462; x_wconf 87' lang='lat' dir='ltr'>et</span> 
     </span>
     <span class='ocr_line' id='line_1_14' title="bbox 372 1498 2895 1586; baseline 0.004 -28"><span class='ocrx_word' id='word_1_96' title='bbox 372 1498 744 1577; x_wconf 78' lang='lat' dir='ltr'>mysterium</span> <span class='ocrx_word' id='word_1_97' title='bbox 811 1511 1026 1579; x_wconf 90' lang='lat' dir='ltr'>uocat,</span> <span class='ocrx_word' id='word_1_98' title='bbox 1089 1521 1170 1566; x_wconf 93' lang='lat' dir='ltr'>eo</span> <span class='ocrx_word' id='word_1_99' title='bbox 1229 1505 1409 1586; x_wconf 92' lang='lat' dir='ltr'>quod</span> <span class='ocrx_word' id='word_1_100' title='bbox 1473 1503 1635 1567; x_wconf 85' lang='lat' dir='ltr'>olim</span> <span class='ocrx_word' id='word_1_101' title='bbox 1696 1514 1839 1568; x_wconf 87' lang='lat' dir='ltr'>erat</span> <span class='ocrx_word' id='word_1_102' title='bbox 1903 1502 2259 1580; x_wconf 90' lang='lat' dir='ltr'>occultum,</span> <span class='ocrx_word' id='word_1_103' title='bbox 2321 1522 2495 1565; x_wconf 88' lang='lat' dir='ltr'>nunc</span> <span class='ocrx_word' id='word_1_104' title='bbox 2555 1509 2778 1565; x_wconf 88' lang='lat' dir='ltr'>autem</span> <span class='ocrx_word' id='word_1_105' title='bbox 2817 1520 2895 1568; x_wconf 91' lang='lat'>10</span> 
     </span>
     <span class='ocr_line' id='line_1_15' title="bbox 370 1601 2824 1689; baseline 0.002 -26"><span class='ocrx_word' id='word_1_106' title='bbox 370 1610 472 1664; x_wconf 87' lang='lat' dir='ltr'>est</span> <span class='ocrx_word' id='word_1_107' title='bbox 516 1601 960 1668; x_wconf 85' lang='lat' dir='ltr'>manifestum.</span> <span class='ocrx_word' id='word_1_108' title='bbox 1069 1626 1224 1670; x_wconf 89' lang='lat' dir='ltr'>nam</span> <span class='ocrx_word' id='word_1_109' title='bbox 1287 1607 1444 1689; x_wconf 82' lang='lat' dir='ltr'>quia</span> <span class='ocrx_word' id='word_1_110' title='bbox 1506 1607 1721 1671; x_wconf 88' lang='lat' dir='ltr'>dixit:</span> <span class='ocrx_word' id='word_1_111' title='bbox 1793 1607 2037 1671; x_wconf 85' lang='lat' dir='ltr'>sanctis</span> <span class='ocrx_word' id='word_1_112' title='bbox 2093 1606 2232 1669; x_wconf 86' lang='lat' dir='ltr'>eius</span> <span class='ocrx_word' id='word_1_113' title='bbox 2288 1604 2520 1687; x_wconf 83' lang='lat' dir='ltr'>quibus</span> <span class='ocrx_word' id='word_1_114' title='bbox 2577 1604 2824 1668; x_wconf 81' lang='lat' dir='ltr'>uoluit.</span> 
     </span>
     <span class='ocr_line' id='line_1_16' title="bbox 376 1707 2782 1794; baseline 0 -24"><span class='ocrx_word' id='word_1_115' title='bbox 376 1707 566 1783; x_wconf 84' lang='lat' dir='ltr'>Deus,</span> <span class='ocrx_word' id='word_1_116' title='bbox 614 1709 699 1772; x_wconf 88' lang='lat' dir='ltr'>de</span> <span class='ocrx_word' id='word_1_117' title='bbox 747 1709 1069 1791; x_wconf 87' lang='lat' dir='ltr'>apostolis</span> <span class='ocrx_word' id='word_1_118' title='bbox 1122 1711 1299 1775; x_wconf 90' lang='lat' dir='ltr'>dixit</span> <span class='ocrx_word' id='word_1_119' title='bbox 1348 1721 1416 1775; x_wconf 91' lang='lat' dir='ltr'>et</span> <span class='ocrx_word' id='word_1_120' title='bbox 1469 1711 1594 1774; x_wconf 89' lang='lat' dir='ltr'>illis</span> <span class='ocrx_word' id='word_1_121' title='bbox 1646 1712 1760 1794; x_wconf 90' lang='lat' dir='ltr'>qui</span> <span class='ocrx_word' id='word_1_122' title='bbox 1810 1720 1970 1774; x_wconf 90' lang='lat' dir='ltr'>tunc</span> <span class='ocrx_word' id='word_1_123' title='bbox 2017 1719 2205 1773; x_wconf 85' lang='lat' dir='ltr'>erant</span> <span class='ocrx_word' id='word_1_124' title='bbox 2253 1707 2609 1791; x_wconf 86' lang='lat' dir='ltr'>praepositi</span> <span class='ocrx_word' id='word_1_125' title='bbox 2633 1727 2651 1786; x_wconf 87' lang='lat'>;</span> <span class='ocrx_word' id='word_1_126' title='bbox 2696 1708 2782 1770; x_wconf 92' lang='lat' dir='ltr'>de</span> 
     </span>
     <span class='ocr_line' id='line_1_17' title="bbox 371 1807 2783 1895; baseline 0 -23"><span class='ocrx_word' id='word_1_127' title='bbox 371 1811 611 1893; x_wconf 88' lang='lat' dir='ltr'>quibus</span> <span class='ocrx_word' id='word_1_128' title='bbox 672 1822 739 1875; x_wconf 88' lang='lat' dir='ltr'>et</span> <span class='ocrx_word' id='word_1_129' title='bbox 801 1807 1108 1895; x_wconf 87' lang='lat' dir='ltr'>Ephesiis</span> <span class='ocrx_word' id='word_1_130' title='bbox 1168 1815 1458 1878; x_wconf 89' lang='lat' dir='ltr'>scribens</span> <span class='ocrx_word' id='word_1_131' title='bbox 1523 1816 1867 1878; x_wconf 89' lang='lat' dir='ltr'>euidenter</span> <span class='ocrx_word' id='word_1_132' title='bbox 1923 1813 2175 1877; x_wconf 85' lang='lat' dir='ltr'>dixisse</span> <span class='ocrx_word' id='word_1_133' title='bbox 2234 1814 2413 1875; x_wconf 89' lang='lat' dir='ltr'>uisus</span> <span class='ocrx_word' id='word_1_134' title='bbox 2487 1819 2603 1875; x_wconf 85' lang='lat' dir='ltr'>est.</span> <span class='ocrx_word' id='word_1_135' title='bbox 2713 1819 2783 1873; x_wconf 89' lang='lat' dir='ltr'>et</span> 
     </span>
     <span class='ocr_line' id='line_1_18' title="bbox 372 1913 2545 2001; baseline 0.002 -28"><span class='ocrx_word' id='word_1_136' title='bbox 372 1914 685 1994; x_wconf 90' lang='lat' dir='ltr'>quoniam</span> <span class='ocrx_word' id='word_1_137' title='bbox 718 1914 893 1977; x_wconf 90' lang='lat' dir='ltr'>dixit</span> <span class='ocrx_word' id='word_1_138' title='bbox 921 1938 934 1977; x_wconf 75' lang='lat' dir='ltr'>x</span> <span class='ocrx_word' id='word_1_139' title='bbox 980 1935 1141 1996; x_wconf 82' lang='lat' dir='ltr'>quae</span> <span class='ocrx_word' id='word_1_140' title='bbox 1167 1925 1323 1979; x_wconf 85' lang='lat' dir='ltr'>sunt</span> <span class='ocrx_word' id='word_1_141' title='bbox 1348 1916 1624 1981; x_wconf 86' lang='lat' dir='ltr'>diuitiae</span> <span class='ocrx_word' id='word_1_142' title='bbox 1640 1916 1897 2001; x_wconf 80' lang='lat' dir='ltr'>gloriae</span> <span class='ocrx_word' id='word_1_143' title='bbox 1925 1913 2231 1996; x_wconf 80' lang='lat' dir='ltr'>mysterii,</span> <span class='ocrx_word' id='word_1_144' title='bbox 2262 1913 2545 1977; x_wconf 85' lang='lat' dir='ltr'>adiecit:</span> 
     </span>
    </p>
   </div>
   <div class='ocr_carea' id='block_1_6' title="bbox 498 2083 2889 2169">
    <p class='ocr_par' dir='ltr' id='par_1_6' title="bbox 498 2083 2889 2169">
     <span class='ocr_line' id='line_1_19' title="bbox 498 2083 2889 2169; baseline 0.002 -24"><span class='ocrx_word' id='word_1_145' title='bbox 498 2083 674 2165; x_wconf 84' lang='lat' dir='ltr'>quod</span> <span class='ocrx_word' id='word_1_146' title='bbox 692 2095 788 2149; x_wconf 89' lang='lat' dir='ltr'>est</span> <span class='ocrx_word' id='word_1_147' title='bbox 818 2085 1117 2151; x_wconf 75' lang='lat' dir='ltr'>Christus</span> <span class='ocrx_word' id='word_1_148' title='bbox 1146 2085 1216 2150; x_wconf 84' lang='lat' dir='ltr'>in</span> <span class='ocrx_word' id='word_1_149' title='bbox 1248 2083 1427 2150; x_wconf 86' lang='lat' dir='ltr'>uobis</span> <span class='ocrx_word' id='word_1_150' title='bbox 1451 2097 1588 2169; x_wconf 85' lang='lat' dir='ltr'>spes</span> <span class='ocrx_word' id='word_1_151' title='bbox 1602 2086 1877 2169; x_wconf 81' lang='lat' dir='ltr'>gloriae.</span> <span class='ocrx_word' id='word_1_152' title='bbox 2819 2101 2889 2168; x_wconf 88' lang='lat'>15</span> 
     </span>
    </p>
   </div>
   <div class='ocr_carea' id='block_1_7' title="bbox 371 2212 2782 2511">
    <p class='ocr_par' dir='ltr' id='par_1_7' title="bbox 371 2212 2782 2511">
     <span class='ocr_line' id='line_1_20' title="bbox 501 2212 2782 2308; baseline -0.006 -20"><span class='ocrx_word' id='word_1_153' title='bbox 501 2222 698 2306; x_wconf 85' lang='lat' dir='ltr'>†hoc</span> <span class='ocrx_word' id='word_1_154' title='bbox 718 2234 819 2288; x_wconf 90' lang='lat' dir='ltr'>est</span> <span class='ocrx_word' id='word_1_155' title='bbox 842 2244 1130 2308; x_wconf 87' lang='lat' dir='ltr'>magnae</span> <span class='ocrx_word' id='word_1_156' title='bbox 1153 2225 1446 2300; x_wconf 90' lang='lat' dir='ltr'>diuitiae,</span> <span class='ocrx_word' id='word_1_157' title='bbox 1472 2224 1537 2286; x_wconf 92' lang='lat' dir='ltr'>id</span> <span class='ocrx_word' id='word_1_158' title='bbox 1560 2232 1679 2298; x_wconf 87' lang='lat' dir='ltr'>est,</span> <span class='ocrx_word' id='word_1_159' title='bbox 1703 2221 2022 2297; x_wconf 79' lang='lat' dir='ltr'>ChristuS,</span> <span class='ocrx_word' id='word_1_160' title='bbox 2047 2227 2116 2284; x_wconf 91' lang='lat' dir='ltr'>et</span> <span class='ocrx_word' id='word_1_161' title='bbox 2139 2228 2214 2282; x_wconf 93' lang='lat' dir='ltr'>ut</span> <span class='ocrx_word' id='word_1_162' title='bbox 2245 2217 2312 2281; x_wconf 89' lang='lat' dir='ltr'>in</span> <span class='ocrx_word' id='word_1_163' title='bbox 2344 2215 2530 2280; x_wconf 92' lang='lat' dir='ltr'>illum</span> <span class='ocrx_word' id='word_1_164' title='bbox 2556 2212 2782 2276; x_wconf 86' lang='lat' dir='ltr'>creda-</span> 
     </span>
     <span class='ocr_line' id='line_1_21' title="bbox 372 2320 2781 2410; baseline -0.003 -21"><span class='ocrx_word' id='word_1_165' title='bbox 372 2346 519 2389; x_wconf 89' lang='lat' dir='ltr'>mus</span> <span class='ocrx_word' id='word_1_166' title='bbox 543 2345 559 2406; x_wconf 92' lang='lat'>;</span> <span class='ocrx_word' id='word_1_167' title='bbox 634 2327 740 2391; x_wconf 90' lang='lat' dir='ltr'>hic</span> <span class='ocrx_word' id='word_1_168' title='bbox 800 2328 976 2391; x_wconf 89' lang='lat' dir='ltr'>enim</span> <span class='ocrx_word' id='word_1_169' title='bbox 1038 2337 1139 2391; x_wconf 89' lang='lat' dir='ltr'>est</span> <span class='ocrx_word' id='word_1_170' title='bbox 1199 2327 1458 2391; x_wconf 88' lang='lat' dir='ltr'>suturae</span> <span class='ocrx_word' id='word_1_171' title='bbox 1516 2325 1766 2410; x_wconf 85' lang='lat' dir='ltr'>gloriae</span> <span class='ocrx_word' id='word_1_172' title='bbox 1817 2346 1988 2407; x_wconf 77' lang='lat' dir='ltr'>spe5‚</span> <span class='ocrx_word' id='word_1_173' title='bbox 2042 2325 2154 2406; x_wconf 88' lang='lat' dir='ltr'>qui</span> <span class='ocrx_word' id='word_1_174' title='bbox 2217 2332 2285 2386; x_wconf 87' lang='lat' dir='ltr'>et</span> <span class='ocrx_word' id='word_1_175' title='bbox 2336 2341 2535 2385; x_wconf 87' lang='lat' dir='ltr'>causa</span> <span class='ocrx_word' id='word_1_176' title='bbox 2573 2320 2781 2384; x_wconf 78' lang='lat' dir='ltr'>‚nobis</span> 
     </span>
     <span class='ocr_line' id='line_1_22' title="bbox 371 2424 2348 2511; baseline -0.003 -17"><span class='ocrx_word' id='word_1_177' title='bbox 371 2430 695 2495; x_wconf 87' lang='lat' dir='ltr'>bonorum</span> <span class='ocrx_word' id='word_1_178' title='bbox 741 2433 985 2510; x_wconf 88' lang='lat' dir='ltr'>extitit,</span> <span class='ocrx_word' id='word_1_179' title='bbox 1032 2432 1289 2496; x_wconf 86' lang='lat' dir='ltr'>donans</span> <span class='ocrx_word' id='word_1_180' title='bbox 1336 2430 1529 2495; x_wconf 88' lang='lat' dir='ltr'>nobis</span> <span class='ocrx_word' id='word_1_181' title='bbox 1574 2439 1650 2493; x_wconf 87' lang='lat' dir='ltr'>ut</span> <span class='ocrx_word' id='word_1_182' title='bbox 1695 2427 1810 2492; x_wconf 88' lang='lat' dir='ltr'>illa</span> <span class='ocrx_word' id='word_1_183' title='bbox 1856 2424 2348 2511; x_wconf 50' lang='lat' dir='ltr'>expectemus!</span> 
     </span>
    </p>
   </div>
   <div class='ocr_carea' id='block_1_8' title="bbox 357 2593 2898 2886">
    <p class='ocr_par' dir='ltr' id='par_1_8' title="bbox 357 2593 2898 2886">
     <span class='ocr_line' id='line_1_23' title="bbox 499 2593 2784 2683; baseline -0.002 -21"><span class='ocrx_word' id='word_1_184' title='bbox 499 2620 683 2683; x_wconf 83' lang='lat' dir='ltr'>quem</span> <span class='ocrx_word' id='word_1_185' title='bbox 714 2620 827 2663; x_wconf 83' lang='lat' dir='ltr'>nos</span> <span class='ocrx_word' id='word_1_186' title='bbox 854 2598 1339 2673; x_wconf 83' lang='lat' dir='ltr'>adnuntiamus,</span> <span class='ocrx_word' id='word_1_187' title='bbox 1360 2598 1767 2662; x_wconf 81' lang='lat' dir='ltr'>admonentes</span> <span class='ocrx_word' id='word_1_188' title='bbox 1793 2618 2042 2662; x_wconf 86' lang='lat' dir='ltr'>omnem</span> <span class='ocrx_word' id='word_1_189' title='bbox 2071 2596 2405 2675; x_wconf 75' lang='lat' dir='ltr'>hominem,</span> <span class='ocrx_word' id='word_1_190' title='bbox 2424 2605 2488 2660; x_wconf 87' lang='lat' dir='ltr'>et</span> <span class='ocrx_word' id='word_1_191' title='bbox 2505 2593 2784 2660; x_wconf 81' lang='lat' dir='ltr'>docentes</span> 
     </span>
     <span class='ocr_line' id='line_1_24' title="bbox 370 2696 2898 2789; baseline 0.002 -26"><span class='ocrx_word' id='word_1_192' title='bbox 370 2720 619 2764; x_wconf 87' lang='lat' dir='ltr'>omnem</span> <span class='ocrx_word' id='word_1_193' title='bbox 647 2700 984 2776; x_wconf 76' lang='lat' dir='ltr'>hominem,</span> <span class='ocrx_word' id='word_1_194' title='bbox 1007 2701 1076 2763; x_wconf 86' lang='lat' dir='ltr'>in</span> <span class='ocrx_word' id='word_1_195' title='bbox 1106 2699 1286 2764; x_wconf 86' lang='lat' dir='ltr'>omni</span> <span class='ocrx_word' id='word_1_196' title='bbox 1308 2700 1640 2783; x_wconf 85' lang='lat' dir='ltr'>sapientia,</span> <span class='ocrx_word' id='word_1_197' title='bbox 1664 2710 1739 2764; x_wconf 84' lang='lat' dir='ltr'>ut</span> <span class='ocrx_word' id='word_1_198' title='bbox 1755 2700 2162 2764; x_wconf 74' lang='lat' dir='ltr'>exhibeamus</span> <span class='ocrx_word' id='word_1_199' title='bbox 2188 2720 2436 2764; x_wconf 87' lang='lat' dir='ltr'>omnem</span> <span class='ocrx_word' id='word_1_200' title='bbox 2464 2696 2782 2789; x_wconf 78' lang='lat' dir='ltr'>hominem</span> <span class='ocrx_word' id='word_1_201' title='bbox 2811 2717 2898 2767; x_wconf 90' lang='lat'>20</span> 
     </span>
     <span class='ocr_line' id='line_1_25' title="bbox 357 2802 1298 2886; baseline 0 -20"><span class='ocrx_word' id='word_1_202' title='bbox 357 2804 715 2886; x_wconf 77' lang='lat' dir='ltr'>perfectum</span> <span class='ocrx_word' id='word_1_203' title='bbox 746 2802 815 2866; x_wconf 87' lang='lat' dir='ltr'>in</span> <span class='ocrx_word' id='word_1_204' title='bbox 851 2802 1107 2868; x_wconf 77' lang='lat' dir='ltr'>Christo</span> <span class='ocrx_word' id='word_1_205' title='bbox 1136 2803 1298 2867; x_wconf 83' lang='lat' dir='ltr'>Iesu.</span> 
     </span>
    </p>
   </div>
   <div class='ocr_carea' id='block_1_9' title="bbox 374 2935 2787 3124">
    <p class='ocr_par' dir='ltr' id='par_1_9' title="bbox 374 2935 2787 3124">
     <span class='ocr_line' id='line_1_26' title="bbox 504 2935 2787 3023; baseline -0 -18"><span class='ocrx_word' id='word_1_206' title='bbox 504 2942 715 3005; x_wconf 85' lang='lat' dir='ltr'>‘hunc</span> <span class='ocrx_word' id='word_1_207' title='bbox 765 2938 1026 3023; x_wconf 82' lang='lat' dir='ltr'>(inquit)</span> <span class='ocrx_word' id='word_1_208' title='bbox 1078 2938 1557 3021; x_wconf 80' lang='lat' dir='ltr'>praedicamuS,</span> <span class='ocrx_word' id='word_1_209' title='bbox 1603 2958 1873 3001; x_wconf 91' lang='lat' dir='ltr'>omnem</span> <span class='ocrx_word' id='word_1_210' title='bbox 1933 2937 2273 3000; x_wconf 90' lang='lat' dir='ltr'>hominem</span> <span class='ocrx_word' id='word_1_211' title='bbox 2334 2935 2650 3002; x_wconf 88' lang='lat' dir='ltr'>docentes</span> <span class='ocrx_word' id='word_1_212' title='bbox 2710 2948 2787 3004; x_wconf 91' lang='lat' dir='ltr'>ut</span> 
     </span>
     <span class='ocr_line' id='line_1_27' title="bbox 374 3040 2786 3124; baseline -0.001 -14"><span class='ocrx_word' id='word_1_213' title='bbox 374 3047 440 3110; x_wconf 88' lang='lat' dir='ltr'>in</span> <span class='ocrx_word' id='word_1_214' title='bbox 486 3064 639 3110; x_wconf 91' lang='lat' dir='ltr'>eum</span> <span class='ocrx_word' id='word_1_215' title='bbox 685 3043 997 3108; x_wconf 84' lang='lat' dir='ltr'>affectum</span> <span class='ocrx_word' id='word_1_216' title='bbox 1039 3041 1347 3117; x_wconf 83' lang='lat' dir='ltr'>habeant,</span> <span class='ocrx_word' id='word_1_217' title='bbox 1387 3051 1459 3104; x_wconf 93' lang='lat' dir='ltr'>ut</span> <span class='ocrx_word' id='word_1_218' title='bbox 1505 3041 1569 3103; x_wconf 90' lang='lat' dir='ltr'>in</span> <span class='ocrx_word' id='word_1_219' title='bbox 1618 3040 1909 3104; x_wconf 87' lang='lat' dir='ltr'>futurum</span> <span class='ocrx_word' id='word_1_220' title='bbox 1944 3042 2217 3123; x_wconf 86' lang='lat' dir='ltr'>adsequi</span> <span class='ocrx_word' id='word_1_221' title='bbox 2250 3042 2506 3123; x_wconf 86' lang='lat' dir='ltr'>possint</span> <span class='ocrx_word' id='word_1_222' title='bbox 2537 3043 2786 3124; x_wconf 87' lang='lat' dir='ltr'>persec-</span> 
     </span>
    </p>
   </div>
   <div class='ocr_carea' id='block_1_10' title="bbox 373 3233 2891 3532">
    <p class='ocr_par' dir='ltr' id='par_1_10' title="bbox 373 3233 2891 3532">
     <span class='ocr_line' id='line_1_28' title="bbox 502 3233 2786 3322; baseline -0.002 -16"><span class='ocrx_word' id='word_1_223' title='bbox 502 3239 686 3311; x_wconf 81' lang='grc' dir='ltr'>οὗτος</span> <span class='ocrx_word' id='word_1_224' title='bbox 730 3237 764 3304; x_wconf 86' lang='grc' dir='ltr'><strong><em>ὁ</em></strong></span> <span class='ocrx_word' id='word_1_225' title='bbox 808 3236 1009 3321; x_wconf 67' lang='grc' dir='ltr'>μέγας</span> <span class='ocrx_word' id='word_1_226' title='bbox 1052 3240 1350 3314; x_wconf 71' lang='grc' dir='ltr'>πλοῦτος,</span> <span class='ocrx_word' id='word_1_227' title='bbox 1389 3234 1423 3300; x_wconf 85' lang='grc' dir='ltr'>ὁ</span> <span class='ocrx_word' id='word_1_228' title='bbox 1469 3234 1756 3322; x_wconf 76' lang='grc' dir='ltr'>Χριστὸς</span> <span class='ocrx_word' id='word_1_229' title='bbox 1802 3236 1912 3301; x_wconf 79' lang='grc' dir='ltr'>καὶ</span> <span class='ocrx_word' id='word_1_230' title='bbox 1954 3233 2029 3301; x_wconf 81' lang='grc' dir='ltr'>τὸ</span> <span class='ocrx_word' id='word_1_231' title='bbox 2071 3235 2170 3299; x_wconf 78' lang='grc' dir='ltr'>ἐπ’</span> <span class='ocrx_word' id='word_1_232' title='bbox 2216 3233 2395 3322; x_wconf 78' lang='grc' dir='ltr'>αὐτῷ</span> <span class='ocrx_word' id='word_1_233' title='bbox 2436 3236 2786 3303; x_wconf 78' lang='grc' dir='ltr'>πιστεύειν·</span> 
     </span>
     <span class='ocr_line' id='line_1_29' title="bbox 374 3335 2891 3433; baseline 0 -26"><span class='ocrx_word' id='word_1_234' title='bbox 374 3341 559 3412; x_wconf 74' lang='grc' dir='ltr'>οἶτος</span> <span class='ocrx_word' id='word_1_235' title='bbox 585 3339 711 3427; x_wconf 62' lang='grc' dir='ltr'>*γὰρ</span> <span class='ocrx_word' id='word_1_236' title='bbox 757 3339 794 3421; x_wconf 84' lang='grc' dir='ltr'><em>ἡ</em></span> <span class='ocrx_word' id='word_1_237' title='bbox 827 3343 939 3419; x_wconf 75' lang='grc' dir='ltr'>τῆς</span> <span class='ocrx_word' id='word_1_238' title='bbox 977 3337 1349 3423; x_wconf 78' lang='grc' dir='ltr'>μελλούσης·</span> <span class='ocrx_word' id='word_1_239' title='bbox 1388 3337 1573 3423; x_wconf 78' lang='grc' dir='ltr'>δόξης</span> <span class='ocrx_word' id='word_1_240' title='bbox 1612 3337 1820 3419; x_wconf 78' lang='grc' dir='ltr'>ἐλπίς,</span> <span class='ocrx_word' id='word_1_241' title='bbox 1855 3335 1889 3402; x_wconf 86' lang='grc' dir='ltr'>ὁ</span> <span class='ocrx_word' id='word_1_242' title='bbox 1929 3336 2039 3403; x_wconf 80' lang='grc' dir='ltr'>καὶ</span> <span class='ocrx_word' id='word_1_243' title='bbox 2077 3335 2193 3419; x_wconf 87' lang='grc' dir='ltr'>τὴν</span> <span class='ocrx_word' id='word_1_244' title='bbox 2231 3336 2444 3404; x_wconf 81' lang='grc' dir='ltr'>αἰτίαν</span> <span class='ocrx_word' id='word_1_245' title='bbox 2481 3336 2631 3422; x_wconf 82' lang='grc' dir='ltr'>ἡμῖν</span> <span class='ocrx_word' id='word_1_246' title='bbox 2669 3344 2786 3408; x_wconf 87' lang='grc' dir='ltr'>τοῦ</span> <span class='ocrx_word' id='word_1_247' title='bbox 2813 3367 2849 3412; x_wconf 88' lang='lat'><strong>2</strong></span> <span class='ocrx_word' id='word_1_248' title='bbox 2859 3363 2891 3433; x_wconf 81' lang='lat'><strong>5</strong></span> 
     </span>
     <span class='ocr_line' id='line_1_30' title="bbox 373 3439 1475 3532; baseline -0.005 -21"><span class='ocrx_word' id='word_1_249' title='bbox 373 3442 750 3532; x_wconf 80' lang='grc' dir='ltr'>προσδοκᾶν</span> <span class='ocrx_word' id='word_1_250' title='bbox 780 3443 992 3509; x_wconf 79' lang='grc' dir='ltr'>ἐκεῖνα</span> <span class='ocrx_word' id='word_1_251' title='bbox 1018 3439 1475 3529; x_wconf 75' lang='grc' dir='ltr'>χαρισάμενος.</span> 
     </span>
    </p>
   </div>
   <div class='ocr_carea' id='block_1_11' title="bbox 373 3630 2790 3949">
    <p class='ocr_par' dir='ltr' id='par_1_11' title="bbox 373 3630 2790 3949">
     <span class='ocr_line' id='line_1_31' title="bbox 477 3630 2790 3710; baseline -0 -13"><span class='ocrx_word' id='word_1_252' title='bbox 477 3664 495 3698; x_wconf 82' lang='grc' dir='ltr'>ι</span> <span class='ocrx_word' id='word_1_253' title='bbox 536 3654 585 3697; x_wconf 91' lang='lat' dir='ltr'>et</span> <span class='ocrx_word' id='word_1_254' title='bbox 620 3648 672 3696; x_wconf 88' lang='lat' dir='ltr'>in</span> <span class='ocrx_word' id='word_1_255' title='bbox 710 3646 797 3695; x_wconf 84' lang='lat' dir='ltr'>illa</span> <span class='ocrx_word' id='word_1_256' title='bbox 835 3654 885 3696; x_wconf 88' lang='lat' dir='ltr'>et</span> <span class='ocrx_word' id='word_1_257' title='bbox 922 3630 989 3695; x_wconf 44' lang='lat' dir='ltr'>in·</span> <span class='ocrx_word' id='word_1_258' title='bbox 1012 3646 1108 3695; x_wconf 86' lang='lat' dir='ltr'>ista</span> <span class='ocrx_word' id='word_1_259' title='bbox 1142 3645 1355 3710; x_wconf 81' lang='lat' dir='ltr'>epistola</span> <span class='ocrx_word' id='word_1_260' title='bbox 1395 3662 1427 3693; x_wconf 86' lang='lat' dir='ltr'><em>r</em></span> <span class='ocrx_word' id='word_1_261' title='bbox 1706 3663 1738 3706; x_wconf 90' lang='lat'>4</span> <span class='ocrx_word' id='word_1_262' title='bbox 1772 3659 1916 3708; x_wconf 88' lang='lat' dir='ltr'>cogn.</span> <span class='ocrx_word' id='word_1_263' title='bbox 1958 3651 2031 3693; x_wconf 85' lang='lat' dir='ltr'>est</span> <span class='ocrx_word' id='word_1_264' title='bbox 2071 3660 2103 3692; x_wconf 83' lang='lat' dir='ltr'>r</span> <span class='ocrx_word' id='word_1_265' title='bbox 2128 3640 2136 3706; x_wconf 93' lang='grc' dir='ltr'>Ι</span> <span class='ocrx_word' id='word_1_266' title='bbox 2166 3643 2302 3708; x_wconf 90' lang='lat' dir='ltr'>quod</span> <span class='ocrx_word' id='word_1_267' title='bbox 2343 3642 2456 3709; x_wconf 75' lang='lat' dir='ltr'>(fhr</span> <span class='ocrx_word' id='word_1_268' title='bbox 2488 3645 2631 3710; x_wconf 90' lang='lat' dir='ltr'>quid)</span> <span class='ocrx_word' id='word_1_269' title='bbox 2680 3647 2723 3696; x_wconf 91' lang='lat' dir='ltr'><strong><em>C</em></strong></span> <span class='ocrx_word' id='word_1_270' title='bbox 2758 3664 2790 3695; x_wconf 86' lang='lat' dir='ltr'><em>r</em></span> 
     </span>
     <span class='ocr_line' id='line_1_32' title="bbox 380 3722 2788 3790; baseline -0.002 -12"><span class='ocrx_word' id='word_1_271' title='bbox 380 3743 432 3778; x_wconf 85' lang='lat'>11</span> <span class='ocrx_word' id='word_1_272' title='bbox 471 3728 837 3778; x_wconf 79' lang='lat' dir='ltr'>manifestatum</span> <span class='ocrx_word' id='word_1_273' title='bbox 866 3727 909 3775; x_wconf 91' lang='lat' dir='ltr'><em>C</em></span> <span class='ocrx_word' id='word_1_274' title='bbox 941 3726 1090 3790; x_wconf 85' lang='lat' dir='ltr'><em>(corr)</em></span> <span class='ocrx_word' id='word_1_275' title='bbox 1345 3741 1401 3788; x_wconf 75' lang='lat'>¹4</span> <span class='ocrx_word' id='word_1_276' title='bbox 1432 3723 1587 3774; x_wconf 86' lang='lat' dir='ltr'>adicit</span> <span class='ocrx_word' id='word_1_277' title='bbox 1614 3724 1658 3773; x_wconf 91' lang='lat' dir='ltr'><strong><em>C</em></strong></span> <span class='ocrx_word' id='word_1_278' title='bbox 1680 3740 1712 3771; x_wconf 86' lang='lat' dir='ltr'><strong><em>r</em></strong></span> <span class='ocrx_word' id='word_1_279' title='bbox 1957 3736 2012 3785; x_wconf 87' lang='lat'>17</span> <span class='ocrx_word' id='word_1_280' title='bbox 2048 3722 2164 3771; x_wconf 90' lang='lat' dir='ltr'>hinc</span> <span class='ocrx_word' id='word_1_281' title='bbox 2187 3724 2251 3773; x_wconf 85' lang='lat' dir='ltr'><em>H</em></span> <span class='ocrx_word' id='word_1_282' title='bbox 2462 3739 2522 3788; x_wconf 81' lang='lat'>23</span> <span class='ocrx_word' id='word_1_283' title='bbox 2557 3726 2788 3775; x_wconf 78' lang='lat' dir='ltr'>effectum</span> 
     </span>
     <span class='ocr_line' id='line_1_33' title="bbox 379 3802 2788 3872; baseline -0.001 -14"><span class='ocrx_word' id='word_1_284' title='bbox 379 3809 448 3858; x_wconf 82' lang='lat' dir='ltr'>C*</span> <span class='ocrx_word' id='word_1_285' title='bbox 472 3810 539 3858; x_wconf 79' lang='lat' dir='ltr'><em>H</em></span> <span class='ocrx_word' id='word_1_286' title='bbox 790 3825 852 3871; x_wconf 77' lang='lat'>24</span> <span class='ocrx_word' id='word_1_287' title='bbox 878 3824 951 3872; x_wconf 86' lang='lat' dir='ltr'>sq.</span> <span class='ocrx_word' id='word_1_288' title='bbox 990 3808 1142 3858; x_wconf 90' lang='lat' dir='ltr'>Coisl.</span> <span class='ocrx_word' id='word_1_289' title='bbox 1176 3822 1285 3869; x_wconf 81' lang='lat'>204,</span> <span class='ocrx_word' id='word_1_290' title='bbox 1315 3807 1347 3855; x_wconf 87' lang='lat' dir='ltr'>s.</span> <span class='ocrx_word' id='word_1_291' title='bbox 1379 3820 1470 3868; x_wconf 85' lang='lat'>150</span> <span class='ocrx_word' id='word_1_292' title='bbox 1490 3821 1521 3855; x_wconf 76' lang='lat' dir='ltr'>a</span> <span class='ocrx_word' id='word_1_293' title='bbox 1545 3806 1648 3867; x_wconf 90' lang='lat' dir='ltr'>[Cr.</span> <span class='ocrx_word' id='word_1_294' title='bbox 1674 3805 1740 3853; x_wconf 83' lang='lat' dir='ltr'>vi.</span> <span class='ocrx_word' id='word_1_295' title='bbox 1769 3802 1878 3866; x_wconf 81' lang='lat'>316,</span> <span class='ocrx_word' id='word_1_296' title='bbox 1909 3805 1990 3854; x_wconf 90' lang='lat' dir='ltr'>Fr.</span> <span class='ocrx_word' id='word_1_297' title='bbox 2026 3804 2156 3866; x_wconf 81' lang='lat'>143].</span> <span class='ocrx_word' id='word_1_298' title='bbox 2225 3802 2465 3864; x_wconf 78' lang='grc' dir='ltr'>θεόδωρος.</span> <span class='ocrx_word' id='word_1_299' title='bbox 2535 3808 2614 3854; x_wconf 79' lang='grc' dir='ltr'>καὶ</span> <span class='ocrx_word' id='word_1_300' title='bbox 2638 3804 2788 3856; x_wconf 77' lang='grc' dir='ltr'>ἄλλος</span> 
     </span>
     <span class='ocr_line' id='line_1_34' title="bbox 373 3888 923 3949; baseline -0.002 -11"><span class='ocrx_word' id='word_1_301' title='bbox 373 3888 561 3949; x_wconf 73' lang='grc' dir='ltr'>ὁμοίως·</span> <span class='ocrx_word' id='word_1_302' title='bbox 594 3888 747 3947; x_wconf 73' lang='grc' dir='ltr'>οὗτος,</span> <span class='ocrx_word' id='word_1_303' title='bbox 773 3890 923 3940; x_wconf 55' lang='lat' dir='ltr'>sta-A.</span> 
     </span>
    </p>
   </div>
   <div class='ocr_carea' id='block_1_12' title="bbox 372 4054 2788 4207">
    <p class='ocr_par' dir='ltr' id='par_1_12' title="bbox 372 4054 2788 4207">
     <span class='ocr_line' id='line_1_35' title="bbox 372 4054 2788 4129; baseline -0.003 -14"><span class='ocrx_word' id='word_1_304' title='bbox 372 4067 533 4116; x_wconf 81' lang='lat' dir='ltr'>draws</span> <span class='ocrx_word' id='word_1_305' title='bbox 571 4065 699 4115; x_wconf 80' lang='lat' dir='ltr'>from</span> <span class='ocrx_word' id='word_1_306' title='bbox 738 4067 837 4116; x_wconf 74' lang='lat' dir='ltr'>this</span> <span class='ocrx_word' id='word_1_307' title='bbox 871 4081 1009 4116; x_wconf 76' lang='lat' dir='ltr'>verse</span> <span class='ocrx_word' id='word_1_308' title='bbox 1042 4082 1107 4115; x_wconf 86' lang='lat' dir='ltr'>an</span> <span class='ocrx_word' id='word_1_309' title='bbox 1140 4065 1369 4129; x_wconf 85' lang='lat' dir='ltr'>opposite</span> <span class='ocrx_word' id='word_1_310' title='bbox 1414 4077 1528 4112; x_wconf 85' lang='lat' dir='ltr'>con·</span> <span class='ocrx_word' id='word_1_311' title='bbox 1633 4074 1692 4123; x_wconf 87' lang='lat'>5:</span> <span class='ocrx_word' id='word_1_312' title='bbox 1738 4054 1818 4109; x_wconf 78' lang='grc' dir='ltr'>νῦν</span> <span class='ocrx_word' id='word_1_313' title='bbox 1844 4054 2166 4117; x_wconf 67' lang='grc' dir='ltr'>ἀπεκαλύφθη</span> <span class='ocrx_word' id='word_1_314' title='bbox 2192 4058 2290 4106; x_wconf 79' lang='grc' dir='ltr'>τοῖς</span> <span class='ocrx_word' id='word_1_315' title='bbox 2317 4056 2469 4118; x_wconf 76' lang='grc' dir='ltr'>ἁγίοις</span> <span class='ocrx_word' id='word_1_316' title='bbox 2500 4058 2788 4109; x_wconf 76' lang='grc' dir='ltr'>ἀποστόλοις</span> 
     </span>
     <span class='ocr_line' id='line_1_36' title="bbox 372 4141 2785 4207; baseline -0.003 -9"><span class='ocrx_word' id='word_1_317' title='bbox 372 4150 595 4199; x_wconf 86' lang='lat' dir='ltr'>clusion:</span> <span class='ocrx_word' id='word_1_318' title='bbox 632 4148 774 4207; x_wconf 83' lang='grc' dir='ltr'>δῆλον</span> <span class='ocrx_word' id='word_1_319' title='bbox 798 4149 957 4197; x_wconf 81' lang='grc' dir='ltr'>τοίνυν</span> <span class='ocrx_word' id='word_1_320' title='bbox 981 4146 1252 4205; x_wconf 79' lang='grc' dir='ltr'>κάντεῦθεν,</span> <span class='ocrx_word' id='word_1_321' title='bbox 1273 4147 1333 4195; x_wconf 83' lang='grc' dir='ltr'>ὡς</span> <span class='ocrx_word' id='word_1_322' title='bbox 1356 4144 1529 4193; x_wconf 76' lang='grc' dir='ltr'>θεασά·</span> <span class='ocrx_word' id='word_1_323' title='bbox 1632 4141 1776 4192; x_wconf 78' lang='grc' dir='ltr'>αὐτοῦ</span> <span class='ocrx_word' id='word_1_324' title='bbox 1810 4145 1889 4191; x_wconf 77' lang='grc' dir='ltr'>καὶ</span> <span class='ocrx_word' id='word_1_325' title='bbox 1924 4144 2210 4205; x_wconf 84' lang='grc' dir='ltr'>προφήταις.</span> <span class='ocrx_word' id='word_1_326' title='bbox 2281 4142 2350 4190; x_wconf 91' lang='lat' dir='ltr'>So</span> <span class='ocrx_word' id='word_1_327' title='bbox 2376 4141 2556 4189; x_wconf 86' lang='lat' dir='ltr'>Thdt.:</span> <span class='ocrx_word' id='word_1_328' title='bbox 2592 4144 2785 4190; x_wconf 80' lang='grc' dir='ltr'>τουτέσ·</span> 
     </span>
    </p>
   </div>
   <div class='ocr_carea' id='block_1_13' title="bbox 371 4221 2787 4456">
    <p class='ocr_par' dir='ltr' id='par_1_13' title="bbox 371 4221 2787 4456">
     <span class='ocr_line' id='line_1_37' title="bbox 371 4221 2787 4291; baseline -0.003 -12"><span class='ocrx_word' id='word_1_329' title='bbox 371 4247 509 4290; x_wconf 80' lang='grc' dir='ltr'>μενος</span> <span class='ocrx_word' id='word_1_330' title='bbox 532 4227 695 4279; x_wconf 74' lang='grc' dir='ltr'>αὐτοὺς</span> <span class='ocrx_word' id='word_1_331' title='bbox 717 4231 934 4291; x_wconf 75' lang='grc' dir='ltr'>ἔγραψεν</span> <span class='ocrx_word' id='word_1_332' title='bbox 956 4230 1045 4288; x_wconf 80' lang='grc' dir='ltr'>τὴν</span> <span class='ocrx_word' id='word_1_333' title='bbox 1066 4226 1347 4286; x_wconf 80' lang='grc' dir='ltr'>ἐπιστολήν.</span> <span class='ocrx_word' id='word_1_334' title='bbox 1631 4243 1724 4283; x_wconf 84' lang='grc' dir='ltr'>τιν,</span> <span class='ocrx_word' id='word_1_335' title='bbox 1764 4227 1860 4274; x_wconf 84' lang='grc' dir='ltr'>τοῖς</span> <span class='ocrx_word' id='word_1_336' title='bbox 1909 4225 2195 4273; x_wconf 76' lang='grc' dir='ltr'>ἀποστόλοις</span> <span class='ocrx_word' id='word_1_337' title='bbox 2235 4223 2314 4271; x_wconf 81' lang='grc' dir='ltr'>καὶ</span> <span class='ocrx_word' id='word_1_338' title='bbox 2350 4223 2448 4271; x_wconf 80' lang='grc' dir='ltr'>τοῖς</span> <span class='ocrx_word' id='word_1_339' title='bbox 2493 4221 2571 4271; x_wconf 79' lang='grc' dir='ltr'>διὰ</span> <span class='ocrx_word' id='word_1_340' title='bbox 2604 4221 2787 4273; x_wconf 80' lang='grc' dir='ltr'>τούτων</span> 
     </span>
     <span class='ocr_line' id='line_1_38' title="bbox 443 4307 2019 4375; baseline -0.007 -12"><span class='ocrx_word' id='word_1_341' title='bbox 443 4329 520 4363; x_wconf 87' lang='lat'>10.</span> <span class='ocrx_word' id='word_1_342' title='bbox 572 4310 1266 4375; x_wconf 69' lang='lat' dir='ltr'>myslm&#39;um...mamflstum]</span> <span class='ocrx_word' id='word_1_343' title='bbox 1291 4309 1371 4358; x_wconf 81' lang='lat' dir='ltr'>Cf.</span> <span class='ocrx_word' id='word_1_344' title='bbox 1387 4307 1531 4357; x_wconf 85' lang='lat' dir='ltr'>Th.’s</span> <span class='ocrx_word' id='word_1_345' title='bbox 1631 4307 2019 4356; x_wconf 77' lang='grc' dir='ltr'>πεπιστευκόσιν.</span> 
     </span>
     <span class='ocr_line' id='line_1_39' title="bbox 373 4383 2782 4456; baseline -0.002 -14"><span class='ocrx_word' id='word_1_346' title='bbox 373 4408 554 4442; x_wconf 86' lang='lat' dir='ltr'>comm.</span> <span class='ocrx_word' id='word_1_347' title='bbox 579 4409 645 4441; x_wconf 88' lang='lat' dir='ltr'>on</span> <span class='ocrx_word' id='word_1_348' title='bbox 671 4391 804 4456; x_wconf 85' lang='lat' dir='ltr'>Eph.</span> <span class='ocrx_word' id='word_1_349' title='bbox 830 4391 903 4440; x_wconf 87' lang='lat' dir='ltr'>iii.</span> <span class='ocrx_word' id='word_1_350' title='bbox 931 4407 994 4454; x_wconf 82' lang='grc'>3.,</span> <span class='ocrx_word' id='word_1_351' title='bbox 1023 4392 1122 4439; x_wconf 87' lang='lat' dir='ltr'>and</span> <span class='ocrx_word' id='word_1_352' title='bbox 1147 4399 1265 4438; x_wconf 81' lang='lat' dir='ltr'>note</span> <span class='ocrx_word' id='word_1_353' title='bbox 1288 4390 1443 4437; x_wconf 85' lang='lat' dir='ltr'>there.</span> <span class='ocrx_word' id='word_1_354' title='bbox 1703 4404 1778 4453; x_wconf 89' lang='lat'>19.</span> <span class='ocrx_word' id='word_1_355' title='bbox 1851 4384 2175 4444; x_wconf 75' lang='lat' dir='ltr'>admonentes]</span> <span class='ocrx_word' id='word_1_356' title='bbox 2241 4383 2411 4447; x_wconf 87' lang='lat' dir='ltr'>Vulg.,</span> <span class='ocrx_word' id='word_1_357' title='bbox 2475 4386 2782 4451; x_wconf 79' lang='lat' dir='ltr'>“corripien-</span> 
     </span>
    </p>
   </div>
   <div class='ocr_carea' id='block_1_14' title="bbox 445 4464 2456 4538">
    <p class='ocr_par' dir='ltr' id='par_1_14' title="bbox 445 4464 2456 4538">
     <span class='ocr_line' id='line_1_40' title="bbox 445 4464 2456 4538; baseline -0.006 -13"><span class='ocrx_word' id='word_1_358' title='bbox 445 4490 519 4525; x_wconf 71' lang='grc' dir='ltr'>η.</span> <span class='ocrx_word' id='word_1_359' title='bbox 575 4475 631 4523; x_wconf 85' lang='lat' dir='ltr'>de</span> <span class='ocrx_word' id='word_1_360' title='bbox 651 4475 875 4538; x_wconf 78' lang='lat' dir='ltr'>apostolis</span> <span class='ocrx_word' id='word_1_361' title='bbox 905 4470 1059 4536; x_wconf 81' lang='lat' dir='ltr'>dixit]</span> <span class='ocrx_word' id='word_1_362' title='bbox 1127 4473 1200 4522; x_wconf 84' lang='lat' dir='ltr'>As</span> <span class='ocrx_word' id='word_1_363' title='bbox 1225 4471 1276 4520; x_wconf 89' lang='lat' dir='ltr'>in</span> <span class='ocrx_word' id='word_1_364' title='bbox 1301 4470 1434 4534; x_wconf 87' lang='lat' dir='ltr'>Eph.</span> <span class='ocrx_word' id='word_1_365' title='bbox 1458 4469 1528 4518; x_wconf 87' lang='lat' dir='ltr'>iii.</span> <span class='ocrx_word' id='word_1_366' title='bbox 1635 4468 1770 4529; x_wconf 81' lang='lat' dir='ltr'>tes;&#39;’</span> <span class='ocrx_word' id='word_1_367' title='bbox 1806 4467 2074 4523; x_wconf 83' lang='lat' dir='ltr'>Ambrstr.‚</span> <span class='ocrx_word' id='word_1_368' title='bbox 2099 4464 2456 4515; x_wconf 80' lang='lat' dir='ltr'>“monente5.&#39;’</span> 
     </span>
    </p>
   </div>
  </div>
 </body>
</html>
