3293 5233
345 407 436 472 11.
476 405 771 491 19—22.]
1139 420 1225 470 m
1274 420 1379 472 ΕΡ.
1425 420 1529 471 AD
1573 419 1946 472 EPHEsms.
2632 414 2754 480 153

342 603 411 658 et
441 614 699 676 poenae
729 612 844 655 eos
875 592 988 656 lex
1020 594 1403 670 subiciebat,
1438 594 1715 657 minime
1751 594 1839 657 ab
1870 593 1998 656 illis
2037 592 2420 675 scrupulose
2459 589 2756 655 seruata!

345 704 414 758 et
443 696 761 777 quoniam
793 695 1088 758 ostendit
1117 695 1272 778 quia
1303 704 1372 759 et
1415 695 1683 758 Iudaeis
1726 694 1971 759 Christi
2015 695 2344 757 aduentus
2381 692 2756 755 maximum

345 796 626 859 contulit
674 796 945 873 lucrum,
1000 796 1155 859 licet
1202 797 1513 878 gentibus
1562 797 1896 859 uideretur
1942 795 2175 859 alienis
2215 793 2601 858 extantibus
2642 791 2756 855 eli-

343 908 616 980 gantem
648 899 984 980 quandam
1020 899 1199 961 illam
1221 900 1599 981 praebuisse
1631 898 2146 962 familiaritatem
2179 918 2350 981 quae
2370 896 2758 960 nullomodo

345 1000 473 1061 illis
515 1002 841 1081 pertinere
888 1009 1176 1082 poterat;
1220 1002 1493 1063 resumit
1529 1001 1767 1064 iterum
1807 1000 1986 1077 illud,
2020 1002 2208 1083 quasi
2241 1000 2326 1063 ad
2360 998 2508 1062 illos
2540 996 2757 1080 prolo·
2831 1006 2861 1075 5

344 1123 555 1185 quens
586 1105 699 1185 qui
731 1124 820 1166 ex
851 1104 1161 1184 gentibus
1193 1105 1642 1167 crediderunt:

476 1301 691 1384 itaque
743 1301 878 1364 iam
932 1302 1111 1364 ultra
1158 1322 1282 1363 non
1329 1301 1482 1364 estis
1517 1301 1858 1383 peregrini
1888 1311 1951 1364 et
1987 1301 2291 1379 aduenae,
2332 1301 2451 1364 sed
2480 1302 2760 1365 concines

288 1398 295 1405 ’
344 1412 711 1465 sanctorum
740 1414 803 1466 et
828 1403 1155 1467 domestici
1180 1402 1326 1479 Dei,
1355 1403 1682 1485 aedificati
1705 1415 1907 1485 supra
1911 1402 2426 1484 fundamentum
2458 1404 2758 1484 apostolo-

347 1527 498 1570 rum
527 1518 591 1570 et
601 1508 1081 1589 prophetarum.

478 1644 545 1707 id
566 1645 760 1726 ipsud
793 1645 1021 1707 dicens
1051 1645 1230 1725 quod
1255 1653 1322 1707 et
1348 1643 1413 1706 in
1439 1643 1883 1724 superioribus
1913 1643 2197 1719 dixerat,
2221 1642 2537 1723 quoniam
2561 1641 2758 1705 ‘ultra
2794 1656 2872 1703 10

348 1768 474 1809 non
516 1748 669 1810 estis
701 1748 904 1811 alieni
941 1768 979 1810 a
1021 1749 1303 1830 pietate3
1349 1745 1678 1809 domestici
1712 1746 1889 1808 enim
1936 1745 2068 1808 Dei
2109 1747 2267 1808 estis
2308 1745 2540 1821 effecti,
2576 1745 2757 1809 illam

347 1867 517 1929 quae
565 1850 650 1912 ad
706 1849 1045 1932 apostolos
1089 1858 1157 1912 et
1199 1847 1556 1931 prophetas
1601 1857 1704 1910 est
1745 1848 2281 1909 communionem
2325 1849 2760 1928 suscipientes

348 1970 467 2031 per
498 1950 678 2013 illam
711 1950 910 2014 fidem
944 1971 1114 2032 quae
1145 1960 1246 2013 est
1292 1950 1358 2012 in
1399 1948 1698 2014 Christ0.'
1788 1958 1855 2011 et
1895 1950 2211 2030 quoniam
2251 1949 2427 2011 dixit
2469 1959 2761 2031 superae-

346 2054 612 2137 dificati,
645 2075 916 2117 seruans
946 2053 1240 2136 exempli
1274 2053 1479 2135 ipsius
1510 2053 1924 2133 sequentiam
1958 2052 2193 2116 adicit:

476 2246 776 2309 existente
802 2244 1119 2328 angulari
1149 2243 1360 2325 lapide
1388 2244 1520 2326 ipso
1549 2242 1699 2306 Iesu
1736 2242 2004 2317 Christe,
2038 2244 2110 2306 in
2153 2265 2276 2326 quo
2304 2265 2486 2307 omne
2521 2254 2760 2308 tactum
2796 2263 2820 2309 1
2835 2259 2868 2326 5

347 2358 704 2427 coaptatum
744 2348 965 2409 crescit
1003 2347 1073 2409 in
1110 2347 1334 2427 templo
1361 2356 1576 2409 sancto
1608 2345 1678 2407 in
1710 2344 2008 2421 Domine,
2041 2346 2113 2408 in
2142 2366 2264 2426 quo
2291 2356 2353 2408 et
2381 2366 2494 2408 uos
2520 2346 2761 2409 coaedi-

331 2453 643 2537 ficamini
672 2452 742 2515 in
771 2451 1207 2515 habitaculum
1238 2448 1370 2511 Dei
1398 2448 1470 2511 in
1505 2447 1784 2529 Spiritu.

483 2604 839 2687 ‘angularis
871 2603 1109 2686 lapidis
1141 2602 1441 2666 ordinem
1467 2601 1659 2665 nobis
1686 2600 1988 2665 Christus
2011 2610 2235 2665 tenere
2259 2602 2537 2673 uidetur,
2564 2623 2762 2685 super

350 2726 549 2787 quem
587 2717 656 2769 et
701 2705 791 2768 illi
835 2707 946 2788 qui
989 2727 1079 2768 ex
1125 2704 1435 2787 gentibus
1482 2714 1549 2767 et
1591 2723 1715 2765 nos
1756 2704 1869 2784 qui
1915 2724 2005 2765 ex
2055 2703 2320 2766 Iudaeis
2358 2705 2759 2767 credidimus

350 2810 608 2889 utrique
640 2808 1115 2889 coniungimur,
1149 2806 1542 2870 discretione
1574 2803 1756 2867 nulla
1787 2804 1956 2866 ultra
1980 2804 2045 2865 in
2070 2805 2259 2867 nobis
2280 2806 2757 2880 intercedente3
2787 2820 2872 2869 20

350 2909 483 2993 †eo
536 2913 713 2993 quod
768 2911 834 2973 in
890 2910 1213 2993 templum
1258 2909 1386 2972 Dei
1437 2917 1828 2989 coaptamur
1873 2906 2173 2968 similiter
2218 2907 2476 2988 utrique
2522 2909 2757 2971 eadem

352 3018 593 3079 uirtute
649 3016 934 3097 Spiritus
982 3034 1099 3096 per
1151 3012 1735 3093 regenerationem,
1790 3009 1885 3071 ita
1938 3018 2011 3071 ut
2063 3009 2338 3092 adsequi
2391 3029 2762 3073 mereamur

483 3256 700 3336 ἐπειδὴ
736 3258 825 3325 εἰς
871 3256 1017 3322 ναὸν
1060 3260 1178 3323 τοῦ
1221 3256 1366 3321 θεοῦ
1410 3257 1720 3334 τελοῦμεν
1764 3250 2134 3337 ἀμφότεροι,
2164 3252 2246 3334 τῇ
2289 3248 2450 3336 αὐτῇ
2496 3248 2762 3333 δυνάμει

352 3365 468 3426 τοῦ
518 3360 883 3442 πνεύματος
936 3358 1037 3424 διὰ
1086 3361 1199 3439 τῆς
1244 3356 1723 3439 ἀνωγεννήσεως
1767 3353 1843 3420 τὸ
1886 3357 2219 3419 συντελεῖν
2262 3353 2351 3424 εἰς
2391 3355 2547 3437 μίαν
2592 3352 2760 3419 οἰκο-

451 3590 477 3624 2
514 3576 785 3624 aduentum
814 3572 890 3622 C·
918 3572 982 3620 H
1150 3583 1176 3631 7
1212 3570 1345 3618 ciues
1370 3569 1436 3617 H
1604 3581 1664 3616 10
1696 3566 1748 3614 id
1774 3565 1935 3628 ipsum
1965 3565 2008 3613 C
2029 3561 2174 3626 (corr)
2200 3564 2267 3612 H
2428 3578 2482 3625 15
2517 3567 2760 3614 existente

350 3657 583 3718 [existens
619 3656 703 3716 H]
741 3655 977 3718 angulare
1015 3653 1118 3715 [-i
1161 3654 1204 3701 C
1225 3648 1395 3714 (corr)]
1427 3648 1594 3712 lapide
1633 3648 1797 3711 ipsum
1843 3647 2009 3695 Iesum
2057 3646 2311 3694 Christum
2354 3646 2480 3694 CH
2503 3644 2510 3709 Ι
2540 3655 2673 3697 tactu
2718 3649 2765 3697 C

359 3740 414 3786 18
448 3736 592 3799 lapis,
634 3735 817 3784 Christi
843 3736 903 3782 H
1049 3748 1101 3782 αι
1143 3732 1355 3780 eandem
1388 3728 1622 3777 uirtutem
1663 3729 1782 3776 CH
1992 3742 2052 3775 22
2090 3727 2259 3789 adepti
2297 3725 2393 3788 (ast
2424 3724 2546 3789 reg.)
2583 3728 2687 3775 add
2719 3729 2764 3776 C

355 3817 497 3883 (corr)
677 3834 735 3879 23
761 3832 835 3880 sq.
862 3815 1017 3864 Coisl.
1045 3831 1156 3874 204,
1186 3813 1219 3861 f.
1251 3828 1311 3876 73
1334 3829 1380 3860 a.
1405 3811 1514 3872 [Cr.
1539 3810 1605 3857 vi.
1637 3823 1743 3869 152,
1774 3809 1857 3856 Fr.
1889 3807 2000 3871 133]
2031 3809 2259 3868 θεόὀωρος
2290 3809 2339 3855 δέ
2372 3812 2536 3866 φησιν·
2572 3808 2753 3866 ἐπειδή,

355 3904 502 3949 κ.τ.λ.
699 3915 762 3960 24
795 3899 880 3945 τοῦ
907 3900 1149 3945 συντελίν
1173 3896 1309 3953 cod.,
1338 3894 1449 3942 edd.
1465 3909 1480 3951 ;
1515 3900 1589 3940 txt
1612 3890 1744 3954 conj.
1770 3892 1855 3938 Fr.

420 4111 466 4158 3.
548 4089 1327 4155 eligantem....familiaritatch
1421 4086 1500 4137 Cf.
1680 4097 1753 4145 15.
1824 4084 2063 4138 existente,
2127 4083 2240 4145 δια]
2328 4083 2440 4132 The
2494 4083 2761 4134 translator

353 4191 402 4239 p.
432 4191 508 4234 22,
538 4174 569 4222 l.
607 4172 679 4230 16,
709 4180 842 4221 note.
1608 4165 1830 4229 possibly
1874 4172 2028 4213 wrote
2078 4165 2424 4213 “existentem
2471 4166 2760 4227 angularem

420 4259 466 4304 8.
535 4253 777 4316 aedificati
811 4261 964 4315 supra
989 4252 1062 4315 f]
1117 4249 1503 4307 ἐποικοδομηθέν-
1609 4248 1827 4310 lapidem
1853 4247 2013 4309 ipsum
2041 4247 2207 4295 Iesum
2233 4245 2536 4295 Christum.'’
2605 4247 2706 4296 For
2728 4264 2759 4296 a

349 4353 427 4385 τες
483 4336 578 4383 ἐπὶ
634 4335 708 4392 τῷ
756 4334 975 4392 θεμελίῳ.
1058 4330 1208 4392 Vulg.
1257 4329 1504 4392 supe-racd.
1605 4329 1792 4376 similar
1825 4343 1910 4375 use
1943 4328 2002 4375 os
2018 4328 2101 4376 the
2135 4344 2238 4375 acc.
2264 4328 2324 4376 cs.
2355 4344 2404 4391 p.
2433 4342 2476 4388 3,
2506 4327 2539 4374 1.
2568 4342 2627 4390 23
2654 4330 2752 4388 (vv.

350 4416 592 4481 supcrf.;
627 4416 685 4464 cf.
719 4414 827 4462 infr.
855 4414 884 4463 l.
923 4431 997 4477 13,
1028 4413 1197 4461 “dixit
1231 4411 1502 4475 superaedi-
1605 4405 1696 4469 lt),
1722 4408 1821 4456 and
1855 4424 1905 4471 p.
1938 4422 2043 4469 130,
2080 4407 2109 4455 l.
2148 4422 2220 4456 ιο.
2278 4407 2759 4459 Existente=6vr03=

337 4494 533 4560 ficati‚'‘
559 4494 658 4541 and
684 4492 790 4541 Col.
822 4493 871 4540 ii.
906 4502 949 4551 7.
1603 4489 1756 4554 Vulg.
1782 4490 1935 4554 “ipso
1959 4505 2153 4538 summo
2177 4505 2287 4553 ang.
2314 4488 2445 4554 lap.'’
