3293 5233
566 352 644 414 32
1220 349 1676 402 ‘rimonokus
1724 348 2306 401 MOPSUESTENUS
2723 332 2840 416 [11.
2883 348 2974 414 17.

562 528 734 594 sunt,
780 519 836 582 si
882 519 1152 603 quidem
1199 520 1329 583 illis
1370 520 1482 602 qui
1515 520 1640 583 sub
1672 518 1819 600 lege
1850 518 2082 581 uiuunt
2113 516 2304 581 labor
2332 525 2400 579 et
2430 514 2633 579 sudor
2662 514 2974 598 frequens

564 620 651 683 sit
681 622 1124 698 necessarius;
1171 622 1432 685 adiecto
1465 621 1575 684 illo
1607 620 1788 703 quod
1836 641 1966 682 non
2010 621 2266 702 possint
2308 618 2674 700 plenariam
2720 618 2974 701 peccati

563 720 809 786 habere
841 723 1235 798 libertatem,
1270 734 1543 807 propter
1573 733 1849 787 naturae
1881 721 2355 785 infirmitatem.
2417 723 2595 804 apud
2633 720 2971 784 Christum

565 848 723 890 uero
780 828 1037 909 optima
1097 827 1428 909 quaedam
1484 836 1585 890 est
1648 827 2014 889 futurorum
2077 826 2444 907 promissio,
2508 825 2850 887 indubiam
2905 833 2973 885 et

502 932 533 999 5
565 927 936 991 confessam
997 927 1252 991 habens
1312 929 1634 991 bonorum
1723 927 2117 991 fruitionem.
2251 927 2430 990 aliud
2507 928 2711 990 adicit
2758 927 2974 990 multo

564 1030 797 1093 fortius
827 1020 1269 1114 praecedenti,
1301 1032 1485 1095 cuius
1517 1032 1815 1095 maxime
1849 1031 2168 1095 fortitudo
2216 1031 2504 1114 amplior
2539 1051 2684 1094 esse
2724 1031 2811 1093 ab
2842 1029 2973 1093 illis

564 1152 737 1214 quae
768 1133 1110 1215 praedicta
1140 1142 1294 1197 sunt
1325 1134 1588 1197 ostendi
1621 1134 1870 1215 poterit
1902 1133 2279 1196 euidenter:

691 1280 759 1343 si
802 1290 1019 1343 autem
1072 1291 1440 1363 quaerentes
1488 1280 1842 1364 iustzficari
1887 1280 1957 1343 in
2023 1278 2281 1345 Christo
2329 1280 2584 1344 inuenti
2635 1300 2864 1343 sumus
2912 1290 2976 1343 et

562 1382 692 1465 ipsi
701 1393 1070 1464 peccatores,
1100 1403 1249 1464 ergo
1284 1382 1590 1449 Christus
1602 1384 1851 1464 peccati
1876 1382 2178 1445 minister
2203 1391 2309 1446 est.
2384 1382 2571 1445 absit.

461 1524 541 1571 10
693 1516 795 1571 est
853 1509 1126 1590 quidem
1176 1509 1581 1572 obscuritate
1635 1510 1976 1572 inuolutus
2026 1507 2398 1573 intellectus
2450 1510 2872 1592 apostolicuS,
2928 1530 2968 1573 a

563 1609 774 1674 multa
814 1622 1018 1694 atque
1054 1612 1529 1695 compendiosa
1574 1612 2035 1694 prosecutione
2060 1628 2076 1685 ;
2122 1621 2514 1674 structuram
2563 1613 2738 1674 enim
2787 1611 2968 1674 uerbi

564 1713 666 1775 sui
710 1714 776 1777 in
823 1716 1108 1779 multam
1141 1716 1460 1799 produxit
1491 1715 1958 1797 arrogantiam.
2007 1715 2149 1776 uult
2182 1715 2357 1777 enim
2389 1715 2624 1790 dicere,
2652 1714 2967 1797 quoniam

566 1819 964 1882 ‘secundum
1000 1819 1217 1902 legem
1259 1818 1595 1881 iustificari
1646 1819 1918 1881 minime
1965 1819 2346 1900 poterimus,
2437 1819 2834 1883 accessimus
2880 1822 2966 1884 ad

566 1919 922 1998 Christum,
955 1924 1143 2004 quasi
1186 1942 1305 2005 per
1345 1942 1498 1985 eum
1543 1922 1839 1984 adsecuti
1887 1923 2224 1984 iustitiam.
2314 1922 2366 1984 si
2410 1933 2633 1986 autem
2680 1923 2805 1987 hac
2850 1945 2969 2007 spe

458 2042 527 2108 15
560 2028 903 2090 credentes
951 2028 1016 2088 in
1064 2046 1218 2089 eum
1266 2026 1639 2088 inuenimur
1683 2035 2052 2107 peccantes
2107 2026 2263 2107 quia
2310 2024 2524 2108 legem
2572 2047 2705 2089 non
2753 2038 2969 2090 custo-

558 2128 795 2204 dimuS,
851 2128 1115 2190 uidetur
1166 2128 1463 2190 aduentu
1517 2148 1640 2189 suo
1695 2126 1874 2189 idem
1935 2137 2359 2209 peccatorum
2426 2129 2617 2191 nobis
2666 2130 2969 2192 extitisse

557 2231 874 2312 prouisor.
965 2228 1240 2292 euidens
1273 2238 1373 2292 est
1407 2231 1583 2291 enim
1627 2230 1945 2311 quoniam
2001 2232 2311 2293 conuenit
2358 2232 2444 2294 ad
2493 2232 2694 2295 fidem
2736 2253 2855 2296 nos
2897 2254 2968 2296 se

558 2330 743 2394 illam
777 2352 949 2413 quae
980 2331 1045 2392 in
1077 2351 1148 2393 se
1191 2339 1293 2393 est
1335 2350 1630 2405 euocare,
1667 2350 1800 2392 non
1833 2341 1906 2393 ut
1940 2331 2103 2412 legis
2145 2351 2268 2393 nos
2313 2334 2685 2397 custodiam
2729 2335 2966 2398 doceat

654 2506 687 2550 4
718 2490 908 2551 optime
936 2490 980 2538 C
997 2490 1064 2539 H
1077 2507 1090 2539 τ
1125 2496 1198 2539 txt
1232 2490 1398 2538 com'ec.
1424 2490 1570 2538 Pitra
1822 2503 1849 2551 5
1885 2488 2160 2538 confersam
2194 2490 2262 2537 H
2507 2505 2583 2557 ¹0.
2601 2493 2860 2554 apostolici
2889 2492 2966 2542 C*

555 2571 767 2634 apostoli
798 2571 839 2620 C
861 2569 1007 2634 (corr)
1211 2585 1261 2621 11
1291 2580 1584 2621 structorum
1616 2571 1659 2620 C
1679 2570 1747 2619 II
1917 2585 1971 2619 12
1996 2578 2162 2619 autem
2188 2569 2303 2634 (sor
2321 2568 2473 2636 enim)
2496 2571 2522 2619 l
2538 2570 2566 2618 b
2731 2587 2748 2620 1
2760 2588 2787 2634 3
2829 2582 2967 2636 pote·

557 2668 720 2701 ramus
747 2653 790 2701 C
816 2651 822 2716 Ι
855 2668 942 2716 per
966 2652 1080 2716 (for
1100 2651 1183 2716 ad)
1207 2654 1273 2702 H
1276 2652 1302 2678 ¹*
1457 2667 1512 2715 15
1549 2663 1833 2717 peccatores
1868 2651 1981 2716 (sor
2012 2651 2292 2716 peccantes)
2317 2653 2343 2700 l
2359 2652 2387 2700 b
2546 2651 2603 2701 16
2638 2654 2830 2716 peccati
2856 2652 2971 2716 (for

555 2733 894 2799 peccatorum)
919 2736 944 2782 l
1140 2750 1197 2798 ¹7
1222 2750 1365 2784 nosse
1388 2735 1526 2784 illam
1566 2737 1608 2783 C
1626 2736 1696 2784 H

623 2905 665 2940 2.
718 2889 1028 2954 plenariam]
1094 2889 1142 2938 A
1181 2889 1422 2939 savourite
1462 2889 1561 2953 adj.
1587 2889 1710 2939 with

554 2985 645 3017 our
681 2970 958 3020 translator.
1033 2970 1135 3018 For
1156 2986 1267 3019 exx.
1303 2971 1363 3018 of
1384 2971 1469 3019 the
1500 2971 1627 3018 form
1658 2969 1711 3019 in

556 3052 730 3111 -arius,
761 3051 820 3101 cf.
855 3052 1074 3107 Rbnscm
1101 3052 1250 3108 Itala,
1277 3068 1328 3115 p.
1360 3067 1465 3114 134,
1492 3069 1566 3116 sq.

620 3132 667 3182 6.
718 3135 1055 3196 amplior-...ab
1085 3134 1206 3195 illis]
1253 3134 1348 3183 See
1374 3133 1592 3188 Ronsch,
1619 3148 1705 3196 pp.

555 3231 764 3279 452-3·

625 3310 700 3344 10.
800 3302 868 3342 est
915 3295 1182 3358 quidem
1202 3295 1413 3342 extitisse
1460 3295 1710 3357 prouisor]

553 3377 700 3425 Cited
738 3377 807 3439 by
855 3377 1100 3425 Lansranc
1140 3377 1240 3423 and
1293 3377 1481 3424 Robert
1532 3376 1589 3424 os
1629 3377 1708 3433 B„

551 3458 641 3505 but
686 3457 806 3505 with
847 3458 933 3505 the
974 3457 1209 3505 omission
1255 3458 1312 3505 os
1349 3458 1632 3520 apostolicus

549 3539 909 3600 arrogantiam,
947 3539 1167 3601 possibly
1200 3539 1250 3587 in
1286 3555 1625 3602 consequence
1660 3539 1719 3587 of

552 3620 636 3667 the
682 3626 879 3680 corrupt
924 3628 1050 3667 state
1094 3619 1152 3667 of
1197 3619 1281 3667 the
1327 3620 1481 3668 MSS.
1574 3621 1711 3668 Pitra

551 3701 768 3764 changes
804 3700 941 3748 uerbi
973 3700 1078 3748 into
1112 3700 1383 3748 uerborum.
1458 3700 1568 3749 The
1602 3717 1707 3749 cor·

552 3785 740 3833 rection
762 3790 1062 3831 structuram
1099 3783 1173 3832 sor
1205 3791 1501 3831 stmctorum
1537 3783 1578 3832 is
1613 3784 1710 3834 less

551 3866 738 3915 serious
760 3866 859 3914 and
882 3864 1052 3928 yields‚
1078 3864 1102 3912 1
1129 3863 1292 3922 think,
1311 3881 1341 3913 a
1363 3866 1523 3914 better
1546 3881 1709 3925 sense;

553 3949 629 3998 sor
658 3965 766 3997 exx.
797 3947 855 3995 of
882 3946 967 3995 the
998 3946 1318 4009 intel-change
1341 3946 1400 3995 of
1425 3962 1452 3994 0
1474 3946 1574 3993 and
1599 3962 1633 3992 u
1659 3947 1709 3994 in

555 4031 709 4080 MSS.
749 4030 807 4079 cf.
851 4029 1048 4090 Bensly,
1087 4028 1168 4075 M.
1203 4029 1283 4084 F..
1322 4043 1370 4091 p.
1401 4044 1491 4090 ¹33
1530 4029 1708 4076 Hilde-

553 4113 729 4171 brand,
765 4113 866 4174 Ap.
903 4123 939 4160 1.
980 4113 1105 4172 8033
1149 4109 1312 4158 Tisch.
1353 4110 1465 4157 Cod.
1494 4111 1709 4166 Aneiat„

553 4195 794 4258 prolegg„
824 4209 875 4256 p.
901 4192 1035 4240 xxix.

626 4289 698 4335 13.
760 4276 1041 4322 accessimus
1063 4272 1134 4320 ad
1168 4271 1446 4332 Christum]
1513 4271 1711 4320 Thdt.'s

552 4360 802 4402 comment
828 4353 941 4401 here
965 4368 1122 4400 seems
1152 4361 1202 4398 to
1235 4351 1361 4399 have
1395 4352 1522 4400 been
1556 4352 1708 4400 based

554 4452 616 4483 on
654 4434 821 4483 Th.’s:
861 4436 902 4481 εἰ
923 4435 972 4481 δὲ
996 4436 1069 4480 ὅτι
1093 4435 1173 4481 τὸν
1198 4434 1338 4489 νόμον
1365 4431 1711 4482 καταλιπόντες

1810 2887 1885 2947 τῷ
1933 2887 2123 2950 χριστῷ
2172 2883 2614 2948 προσεληλύθαμεν,
2667 2883 2742 2935 διὰ
2776 2885 2860 2945 τῆς
2896 2884 2967 2936 ἐπ’

1813 2967 1956 3018 αὐτὸν
1978 2972 2184 3019 πίστεως
2209 2967 2296 3026 τῆς
2328 2966 2625 3025 δικαιοσύνης
2658 2968 2970 3015 ἀπολαύσασ-

1813 3055 1892 3100 θαι
1917 3048 2352 3113 προσδοκήσαντες,
2376 3048 2652 3111 παράβασις
2679 3051 2822 3097 τοῦτο
2844 3067 2968 3098 νενο-

1811 3152 1995 3195 μισται,
2024 3136 2089 3187 εἰς
2122 3131 2266 3182 αὐτὸν
2299 3133 2330 3193 ἡ
2365 3134 2498 3180 αἰτία
2531 3130 2745 3193 χωρήσει
2780 3133 2862 3180 τὸν
2900 3132 2969 3179 δε-

1815 3213 2002 3275 σπότην
2022 3211 2237 3277 χριστόν.

1887 3313 1959 3357 14.
2028 3297 2240 3345 adsecuti
2245 3295 2264 3356 ]
2335 3295 2493 3350 Read‚
2520 3294 2752 3357 perhaps,
2777 3294 2969 3340 adsecu-

1811 3380 1934 3427 turi.
2003 3379 2132 3426 Both
2163 3379 2219 3425 L.
2249 3377 2349 3425 and
2384 3377 2442 3424 R.
2473 3375 2530 3424 of
2558 3377 2616 3424 B.
2645 3375 2771 3423 have
2795 3374 2971 3439 iusttfi·

1810 3460 1994 3520 caml1'3
2041 3459 2099 3508 cs.
2132 3459 2308 3516 Thdt.,
2337 3458 2368 3505 l.
2394 3473 2432 3506 c.

1883 3553 1956 3601 17.
2007 3540 2256 3603 prouesor]
2302 3537 2554 3599 πρόξενοςε
2590 3553 2672 3586 see
2696 3554 2875 3586 comm.
2904 3554 2970 3587 on

1811 3622 1876 3670 vi.
1920 3637 1976 3683 17
2022 3622 2185 3681 (Gk.).
2279 3622 2347 3668 So
2393 3621 2539 3675 Oec.,
2582 3618 2798 3681 perhaps
2845 3619 2969 3667 from

1811 3703 1938 3751 Tha
1985 3702 2080 3762 ἄρα
2105 3703 2130 3750 ὁ
2153 3701 2347 3761 χριστὸς
2379 3701 2611 3761 ἁμαρτίας
2641 3700 2745 3756 ὑμῖν
2766 3701 2973 3760 ’γέγονεν

1812 3783 2066 3842 πρόξενος;
2115 3782 2214 3830 Th.
2250 3783 2480 3830 however
2513 3797 2722 3846 appears
2757 3788 2809 3829 to
2843 3781 2972 3830 have

1811 3865 1926 3912 read
1954 3864 2048 3926 ἄρα
2072 3863 2235 3912 rather
2257 3863 2376 3911 than
2402 3859 2514 3922 ἄρα.

1875 3947 2103 4009 adfidcm
2135 3962 2221 3992 nos
2249 3961 2297 3992 se
2326 3945 2482 4002 illam,
2514 3944 2629 4005 &c.]
2683 3945 2777 3993 See
2805 3960 2884 3991 vv.
2911 3944 2963 3994 11.

1814 4028 1949 4075 Pitra
1970 4027 2118 4076 alters
2140 4044 2335 4075 euocare
2356 4044 2457 4074 non
2483 4027 2588 4076 into
2610 4034 2653 4075 ct
2675 4043 2844 4074 uocare
2864 4042 2968 4082 nos.

1812 4107 2137 4170 interpreting
2161 4112 2192 4132 “
2209 4107 2442 4155 conuenit
2476 4122 2676 4153 noscere
2705 4122 2796 4154 nos
2819 4104 2967 4153 fidem

1813 4205 1939 4251 quae
1970 4197 2042 4237 est
2079 4190 2129 4236 in
2166 4189 2380 4244 Christo,
2414 4199 2462 4237 et
2496 4190 2561 4236 ab
2599 4189 2706 4252 ipso
2739 4189 2971 4236 inuocato

1814 4291 1985 4336 rogare
2021 4283 2074 4322 ut
2115 4273 2276 4336 legem
2314 4273 2577 4336 diligenter
2608 4271 2856 4320 custodire
2879 4288 2973 4320 nos

1812 4356 2038 4405 ‹loceat.”
2125 4356 2219 4404 But
2265 4357 2330 4405 he
2375 4356 2499 4403 adds
2538 4355 2844 4417 “explorato
2884 4355 2971 4403 diu

1814 4452 2124 4484 sensu...non
2152 4437 2244 4484 nisi
2270 4437 2447 4484 dubius
2473 4434 2700 4484 emei·si.'’
