3293 5233
549 415 666 482 192
1213 411 1668 464 THEODORUS
1718 407 2301 462 MOPSUESTENUS
2511 392 2655 477 [VI.
2696 394 2965 474 1‘3—16.

540 581 880 646 cum-illis,
958 601 1204 645 nouam
1237 581 1680 646 adiectionem
1719 589 1788 645 et
1823 580 2098 663 dignam
2143 578 2408 643 illorum
2452 574 2802 643 stultitiae!
2849 576 2965 659 qui

537 682 634 744 sic
689 680 1187 759 intellexerunt,
1242 692 1317 746 ut
1369 703 1453 746 ne
1506 683 2046 747 existimaremus
2095 681 2411 762 quoniam
2454 679 2772 743 aduersus
2814 676 2965 740 illos

536 803 736 866 super
765 781 1021 845 caelum
1053 783 1377 848 habemus
1410 806 1724 868 pugnare.
1815 784 1930 847 sed
1965 805 2098 848 non
2131 785 2227 848 sic
2258 804 2328 847 se
2359 785 2529 847 ratio
2558 784 2796 862 habet;
2842 785 2961 848 sed

537 890 748 954 uoluit
784 890 1002 952 dicere
1033 889 1350 971 quoniam
1391 893 1535 971 ‘pro
1569 888 1696 951 illis
1728 908 1899 970 quae
1931 887 2275 970 adquirere
2308 907 2769 970 properamus;
2807 879 2991 951 cum‘

471 992 798 1069 scaelesti
851 992 1030 1056 enirn
1083 992 1607 1055 commoratione
1656 991 1859 1054 etiam
1911 1001 1982 1054 et
2031 990 2145 1053 illa
2189 992 2367 1054 bona
2411 1011 2581 1073 quae
2632 992 2697 1054 in
2752 990 2962 1054 caelis

538 1103 693 1157 sunt
740 1093 938 1176 potiri
988 1090 1332 1168 uolumus;
1394 1112 1515 1174 pro
1574 1093 1816 1174 quibus
1876 1094 2196 1156 aduersus
2257 1092 2621 1156 inuisibiles
2681 1092 2962 1156 uirtutes

539 1197 731 1259 nobis
763 1206 864 1260 est
896 1195 1159 1259 bellum.
1250 1195 1475 1276 itaque
1505 1196 1598 1258 sic
1630 1216 1753 1258 nos
1784 1197 2096 1259 conuenit
2129 1216 2272 1260 esse
2303 1206 2593 1279 paratOS,
2626 1196 2813 1279 quasi
2846 1196 2959 1278 qui

539 1309 606 1363 et
640 1320 759 1382 pro
791 1299 1033 1362 talibus
1065 1308 1132 1362 et
1163 1298 1484 1361 aduersus
1516 1297 1684 1362 tales
1714 1298 1961 1362 bellum
1995 1299 2239 1364 habere
2271 1299 2652 1366 uideamur!
2731 1312 2961 1366 tamen

539 1401 834 1465 adiciens
887 1400 1141 1463 dictum
1192 1399 1378 1462 illum
1431 1401 1588 1481 quia
1636 1421 1763 1463 non
1820 1411 1918 1464 est
1972 1399 2154 1464 nobis
2209 1400 2603 1478 conluctatiO,
2657 1401 2787 1466 hoc
2839 1412 2960 1477 est,

437 1528 518 1576 10
541 1504 807 1580 bellum,
862 1514 931 1567 et
982 1504 1228 1566 abusus
1282 1502 1735 1566 indifferenter
1785 1502 2297 1567 conluctationis
2351 1524 2613 1578 nomen,
2666 1506 2964 1587 sequitur

541 1609 779 1673 iterum
811 1627 1000 1670 suam
1033 1608 1469 1688 sequentiam,
1501 1607 1691 1687 quasi
1723 1607 1835 1687 qui
1869 1606 1954 1669 de
1984 1607 2162 1669 bello
2194 1608 2507 1689 disputet,
2540 1618 2605 1671 et
2637 1609 2834 1673 dicit:

656 1769 924 1841 propter
966 1758 1077 1821 lzoc
1119 1758 1420 1821 resumite
1463 1757 1684 1820 omnia
1723 1778 1917 1821 arma
1961 1756 2106 1835 Dei,
2146 1767 2222 1822 nt
2250 1759 2521 1839 possitis
2564 1760 2854 1823 resistere
2894 1759 2965 1823 in

544 1865 649 1927 die
678 1863 981 1946 maligne,
1014 1873 1077 1926 et
1102 1862 1323 1925 omnia
1337 1862 1736 1944 perficientes
1762 1871 1954 1924 stare.

679 2015 835 2058 nam
876 1996 1052 2076 quod
1087 1995 1249 2057 dicit
1284 1994 1353 2056 in
1383 1995 1488 2057 die
1517 1995 1821 2077 maligne,
1855 2005 1929 2058 ut
1960 1995 2140 2058 dicat
2173 1994 2270 2057 ‘in
2304 2003 2606 2076 tempore
2638 1993 2966 2076 pessim0,’

443 2116 514 2182 15
549 2110 964 2182 praesentem
1009 2100 1215 2162 uitam
1257 2101 1351 2161 sic
1392 2100 1763 2174 nominanS‚
1797 2120 1877 2162 eo
1922 2100 2100 2180 quod
2135 2097 2312 2161 mala
2343 2099 2409 2161 in
2443 2096 2570 2160 hoc
2601 2096 2867 2161 saeculo
2900 2099 2965 2161 in

547 2213 895 2287 praesente
926 2204 1064 2266 uita
1095 2212 1396 2284 aguntur.
1486 2213 1555 2266 et
1584 2224 1757 2284 quae
1788 2203 1919 2266 sint
1950 2202 2170 2266 omnia
2199 2223 2393 2265 arma
2425 2201 2621 2265 dicit:

676 2364 842 2418 state
868 2375 1015 2436 ergo
1043 2353 1559 2418 circumcinctum
1588 2354 1884 2418 habentes
1912 2354 2201 2418 lumbum
2233 2362 2520 2415 uestrum
2553 2351 2625 2414 in
2656 2351 2969 2426 ueritate;

543 2466 607 2519 et
649 2455 894 2519 induite
934 2456 1199 2519 loricam
1246 2455 1547 2532 institiae,
1593 2467 1656 2520 et
1690 2456 1952 2519 calciati
1970 2455 2164 2537 pedes
2205 2465 2447 2518 nestros
2488 2453 2560 2517 in
2595 2464 2964 2536 praepara-

553 2561 720 2625 tione
747 2561 1071 2644 euangelii
1083 2560 1287 2642 pacis.

443 2717 528 2763 20
685 2691 1195 2772 circumcingere
1237 2689 1602 2764 ueritatem,
1648 2689 1889 2753 uestire
1932 2687 2270 2762 iustitiam,
2302 2684 2582 2749 calciare
2611 2706 2861 2768 pacem,
2896 2695 2971 2749 ut

555 2794 765 2857 dicat:
812 2794 923 2855 ‘de
955 2793 1056 2855 his
1088 2792 1277 2855 uobis
1308 2792 1394 2855 sit
1425 2789 1820 2865 sollicitudo,
1851 2791 1917 2852 id
1952 2797 2068 2865 est,
2095 2789 2179 2851 de
2212 2788 2491 2851 ueritate
2523 2797 2589 2851 et
2621 2787 2872 2850 iustitia
2901 2796 2972 2850 et

557 2919 735 2980 pace.
825 2897 989 2960 haec
1022 2897 1211 2960 uobis
1242 2896 1593 2978 imponite;
1642 2895 1783 2957 istis
1815 2914 1935 2955 uos
1966 2893 2166 2955 armis
2200 2891 2486 2955 munite.’
2563 2898 2630 2953 et
2653 2890 2969 2972 quoniam

558 3004 783 3065 omnia
814 3003 939 3065 illis
972 3012 1158 3064 erant
1191 2999 1529 3075 tradenda,
1563 3018 1735 3080 quae
1767 2996 2089 3060 militibus
2118 2995 2378 3069 adsunt,
2413 2993 2688 3056 adiecit:

690 3149 880 3218 snper
917 3137 1212 3200 omnibus
1245 3145 1459 3198 antem
1504 3133 1909 3197 adsumentes
1945 3140 2194 3193 scutum
2218 3128 2402 3212 fidei,
2446 3128 2517 3191 in
2557 3147 2678 3209 qno
2706 3126 2977 3208 possitis

449 3252 527 3318 25
559 3243 779 3307 omnia
810 3243 1023 3305 iacula
1055 3239 1310 3304 inimici
1339 3238 1554 3321 ignita
1582 3235 2001 3318 exstingycere.

660 3430 687 3478 5
724 3413 1004 3468 caelestem.
1044 3409 1486 3460 commorationem
1532 3409 1574 3456 C
1579 3406 1607 3431 ⁴*
1641 3405 1724 3471 let
1761 3422 1840 3455 om
1876 3402 1971 3454 H*
2285 3401 2318 3451 6
2353 3401 2514 3465 potire
2556 3401 2600 3449 C
2623 3399 2631 3464 Ι
2661 3399 2883 3450 aduersis
2920 3401 2988 3449 H

567 3510 626 3546 10
673 3493 1062 3544 conluctationes
1102 3490 1194 3540 Il*
1389 3506 1446 3551 14
1499 3489 1717 3552 maligna
1761 3488 1806 3536 C
1823 3487 1890 3535 H
2065 3484 2123 3534 16
2155 3482 2403 3547 praesenti
2427 3482 2494 3530 H
2680 3485 2736 3531 18
2770 3481 2978 3531 luricam

567 3574 688 3622 CH
709 3570 716 3636 Ι
747 3572 952 3620 calciate
991 3572 1054 3619 H

636 3720 711 3755 ιο.
777 3704 1222 3764 abusus...nomcn]
1258 3703 1521 3753 Lanfranc.
1825 3699 2075 3749 Ambrstr.

636 3803 711 3837 12.
777 3786 949 3835 omnia
995 3803 1141 3835 arma
1187 3786 1317 3847 Dei]
1385 3785 1463 3835 Cf.
1510 3802 1560 3850 p.
1606 3798 1716 3849 190,
1889 3796 1966 3846 025.
2040 3779 2260 3840 inimict]
2326 3779 2437 3828 The
2462 3777 2562 3827 Gk.
2587 3784 2691 3827 text
2720 3777 2860 3841 gives
2892 3773 2984 3825 τοῦ

563 3867 598 3918 l.
626 3871 673 3925 8,
700 3872 836 3915 note.
1826 3862 2033 3924 πονηροῦ
2065 3860 2275 3909 without
2316 3858 2524 3918 variant,
2574 3859 2675 3907 and
2710 3858 2794 3907 the
2830 3857 2978 3906 Latin

638 3964 710 4012 ¹5·
771 3947 1389 4013 praesentem...aguntur]
1428 3946 1692 3995 Lanfranc.
1822 3944 2043 3990 versions
2111 3940 2428 4004 correspond.
2514 3938 2623 3987 Our
2684 3938 2979 3987 translation

637 4034 709 4089 18,
743 4046 818 4079 20.
891 4028 1100 4082 calciati,
1142 4025 1364 4086 calciare]
1420 4024 1498 4074 Cf.
1550 4025 1720 4073 Tisch.
1823 4031 2048 4088 suggests
2072 4040 2102 4072 a
2123 4023 2274 4087 gloss,
2308 4021 2396 4070 τοῦ
2425 4020 2620 4083 ἐχθροῦ,
2656 4022 2745 4069 τοῦ
2775 4022 2981 4069 ἀντικει-

568 4112 698 4161 Cod.
727 4110 914 4158 Amiat.
937 4109 1148 4171 prolegg.
1176 4124 1222 4171 p.
1255 4108 1391 4155 xxix.
1823 4108 1982 4164 μένου,
2020 4122 2078 4153 οι·
2115 4107 2199 4154 the
2236 4104 2372 4162 like;
2413 4105 2504 4151 but
2541 4104 2764 4167 possibly
2799 4103 2836 4151 it
2871 4102 2913 4151 is
2950 4119 2980 4151 a

634 4211 711 4244 πο.
783 4191 1230 4252 circumcingere...
1254 4188 1392 4253 pace]
1457 4188 1607 4237 cited
1654 4188 1721 4251 by
1824 4202 1958 4235 mere
2013 4185 2280 4246 oversight.
2367 4183 2449 4231 On
2507 4182 2591 4230 the
2647 4182 2790 4230 other
2845 4182 2979 4229 hand

571 4276 761 4324 Robert
799 4273 856 4321 os
898 4275 975 4330 B„
1022 4273 1070 4321 in
1110 4271 1276 4319 whose
1316 4269 1640 4333 compilation
1684 4268 1721 4316 it
1824 4267 1982 4330 ignita
2041 4266 2116 4329 (so
2161 4266 2319 4322 Tert.,
2365 4264 2538 4327 Cypr.‚
2597 4262 2764 4313 Sedul.
2819 4261 2982 4326 Scot.)

568 4359 611 4407 is
633 4356 855 4405 ascribed
883 4364 934 4403 to
958 4353 1236 4416 Angustiae
1264 4349 1430 4414 (Am).
1825 4365 2040 4398 answers
2064 4356 2116 4396 to
2140 4348 2224 4397 the
2256 4346 2358 4395 Gk.
2395 4364 2533 4396 more
2559 4348 2728 4411 nearly
2751 4347 2872 4395 than
2896 4346 2983 4396 the

638 4455 713 4499 24.
786 4445 936 4500 super
956 4436 1199 4496 erunibus]
1266 4435 1399 4481 εέτὶ
1427 4433 1587 4480 πᾶσιν.
1656 4432 1725 4479 So
1827 4430 1977 4495 Vulg.
2033 4431 2191 4494 igytea.
2277 4430 2361 4479 On
2416 4429 2579 4492 ignire
2601 4451 2644 4471 =
2668 4426 2848 4489 κυροῦν
2901 4445 2983 4479 see

571 4519 747 4581 Chrys,
769 4519 867 4566 and
888 4518 1068 4574 Thdt.;
1102 4517 1201 4564 and
1222 4530 1406 4577 among
1423 4514 1507 4561 the
1527 4511 1717 4570 Latius,
1829 4514 2047 4573 Ronsch,
2078 4514 2224 4568 Itala,
2252 4529 2300 4575 p.
2337 4510 2442 4573 156.
