3293 5233
587 372 671 435 34
1248 365 1701 419 THEoDonus
1747 363 2330 417 MOPSUESTENUS
2738 348 2854 432 [ΙΙ.
2889 360 2987 413 20.

715 553 840 617 †eo
898 543 1077 626 quod
1132 545 1199 606 in
1259 542 1665 624 baptismate
1724 541 1955 604 mortis
2014 557 2283 621 quoque
2355 547 2425 602 et
2499 537 2989 602 resurrectionis

582 645 865 711 formam
921 645 1308 730 implebant,
1358 643 1776 727 concrucifi'gi
1830 643 2222 707 dicebantur
2284 642 2549 707 Christo
2603 643 2716 725 qui
2769 642 2987 725 bapti-

579 749 939 829 zabantur3
1004 772 1084 813 eo
1130 748 1310 833 quod
1358 750 1537 813 idem
1585 770 1704 832 per
1747 768 2008 812 crucem
2062 758 2349 812 mortem
2410 748 2774 832 suscipiens
2823 756 2893 812 et
2944 768 2986 811 a

578 854 907 933 praesenti
960 851 1087 914 hac
1134 853 1275 943 uita
1315 861 1508 915 exter
1558 851 1794 929 factuS,
1841 862 2208 935 postquam
2256 853 2631 928 resurrexit,
2671 850 2985 915 inmorta-

514 954 711 1028 51em
786 956 996 1018 uitam
1051 956 1352 1037 sumpsit.
1442 954 1565 1036 ipsi
1630 974 1790 1017 uero
1850 955 2217 1018 secundum
2278 952 2561 1016 formam
2621 954 2984 1037 baptisma·

574 1055 661 1116 tis
725 1056 792 1118 in
863 1055 1365 1120 similitudmem
1438 1075 1668 1118 sumus
1742 1055 1921 1136 facti,
1987 1077 2107 1138 spe
2169 1055 2284 1119 illa
2347 1059 2529 1138 quod
2594 1067 2668 1121 ut
2731 1065 2799 1120 et
2869 1056 2984 1120 ali-

575 1157 844 1238 quando
886 1158 1325 1222 assimilemur
1359 1155 1477 1241 [et]
1513 1157 1749 1221 horum
1785 1159 2153 1222 necessario
2195 1158 2679 1240 participemur,
2713 1159 2983 1241 quando

574 1262 942 1324 communis
993 1260 1292 1323 omnium
1346 1261 1733 1347 resurrectio
1783 1261 1849 1322 in
1901 1260 2476 1323 consummatione
2530 1258 2775 1322 saeculi
2832 1279 2982 1351 per-

572 1362 830 1426 ficietur
888 1373 1188 1446 tempore
1247 1362 1723 1439 concurrenti,*
1784 1366 1957 1427 sicut
2017 1372 2087 1427 et
2148 1364 2215 1426 in
2276 1362 2562 1446 epistola
2630 1383 2833 1444 quam
2894 1364 2979 1425 ad

469 1486 544 1533 10
577 1464 919 1528 Romanos
950 1466 1208 1548 scripsit
1238 1465 1490 1528 dixisse
1522 1466 1823 1529 uidetur:
1871 1466 1985 1529 lzoc
2009 1476 2428 1548 cognoscentes
2465 1466 2769 1548 quoniam
2802 1476 2985 1529 uetus

569 1568 754 1631 homo
800 1580 1011 1632 noster
1047 1569 1393 1653 crnczflxus
1435 1579 1543 1644 est,
1577 1580 1653 1633 ut
1685 1570 2065 1633 destruatur
2104 1581 2327 1651 corpus
2353 1569 2600 1651 peccati
2613 1591 2642 1641 ,·
2690 1578 2766 1631 ut
2804 1569 2982 1631 ultra

570 1696 697 1738 non
746 1675 1116 1737 seruiamus
1143 1684 1410 1756 peccate.
1505 1675 1677 1747 †hoc
1722 1695 1879 1756 ergo
1924 1674 2084 1737 dicit
2140 1674 2456 1756 quoniam
2500 1673 2983 1756 ‘concrucifixus

570 1800 716 1841 snm
765 1779 1039 1854 Christe,
1091 1777 1342 1840 nullam
1397 1778 1484 1841 ad
1537 1787 1956 1860 praesentem
2010 1777 2182 1842 hanc
2236 1779 2444 1840 uitam
2498 1776 2753 1840 habens
2802 1797 2980 1839 com-

576 1881 978 1955 munionem,
1011 1879 1077 1942 in
1110 1901 1244 1961 qua
1274 1880 1639 1942 secundum
1681 1880 1897 1961 legem
1943 1900 2064 1942 nos
2106 1901 2375 1943 necesse
2416 1880 2502 1943 sit
2550 1877 2982 1942 conuersari.*

458 2003 526 2068 15
567 1985 893 2047 transiens
948 2004 1104 2046 uero
1157 2004 1197 2046 a
1246 1984 1575 2063 praesenti
1627 1984 1784 2059 uita,
1837 1984 2025 2064 quasi
2082 1984 2211 2045 iam
2264 1986 2329 2046 in
2386 1982 2564 2045 illam
2618 1982 2823 2045 uitam
2875 2003 2981 2045 me

567 2087 849 2148 aestimo
900 2086 1142 2159 uiuere,
1191 2085 1556 2147 secundum
1619 2104 1822 2166 quam
1877 2086 2080 2146 etiam
2142 2085 2441 2147 Christus
2505 2088 2569 2146 in
2626 2105 2737 2149 me
2799 2083 2980 2147 uiuit.

560 2188 664 2248 cui
713 2208 832 2267 per
879 2187 1424 2249 resurrectionem
1458 2186 1828 2260 adiunctu5‚
1863 2187 2235 2248 membrum
2270 2187 2408 2247 eius
2447 2186 2536 2266 (id
2572 2196 2671 2248 est
2708 2183 2977 2264 Christi)

563 2289 837 2352 effectus
869 2310 1036 2363 sum,
1058 2290 1299 2371 dignus
1330 2289 1587 2369 corpori
1620 2290 1761 2350 eius
1792 2289 2142 2369 copulatus
2169 2288 2647 2370 esse’—-caput,
2684 2299 2757 2352 ut
2782 2288 2978 2352 moris

563 2402 681 2467 est,
726 2394 945 2474 ipsum
988 2392 1112 2454 sibi
1165 2391 1567 2455 adscribens
1667 2392 1762 2453 sic
1811 2391 1986 2452 enim
2027 2400 2093 2452 et
2132 2390 2289 2453 alibi
2340 2391 2541 2453 dicit:
2593 2393 2827 2453 etenim
2871 2412 2984 2453 nos

453 2525 536 2570 20
562 2514 774 2557 omnes
805 2493 872 2555 in
907 2514 1031 2555 uno
1069 2492 1326 2573 Spiritu
1362 2492 1432 2553 in
1466 2511 1669 2553 unum
1701 2502 1923 2572 corpus
1952 2490 2271 2571 baptizati
2293 2511 2541 2552 snnens.

696 2685 915 2766 ἐπειδὴ
967 2685 1034 2750 ἐν
1077 2688 1168 2771 τῷ
1212 2683 1634 2767 βαπτίσματι
1688 2687 1801 2749 τοῦ
1849 2710 1921 2748 τε
1960 2684 2239 2749 θανάτου
2285 2683 2391 2748 καὶ
2423 2686 2533 2764 τῆς
2564 2681 2982 2750 ἀναστάσεως

565 2789 769 2856 τύπον
799 2788 1140 2873 ἐπλήρουν,
1173 2788 1702 2874 συσταυροῦσθαι
1744 2786 2043 2870 ἐλέγοντο
2090 2790 2183 2875 τῷ
2226 2789 2501 2874 χριστῷ,
2535 2785 2617 2858 ὦς
2662 2786 2741 2851 ἂν
2785 2785 2980 2851 αὐτοῦ

567 2893 685 2976 μὲν
716 2892 822 2957 διὰ
862 2896 1146 2980 σταυροῦ
1189 2891 1299 2958 τὸν
1345 2891 1620 2958 θάνατον
1667 2890 2015 2975 δεξαμένου
2060 2892 2169 2957 καὶ
2217 2891 2633 2962 ἀναστάντος·
2684 2887 2865 2956 αὐτοὶ
2915 2889 2982 2955 δὲ

569 2995 741 3062 κατὰ
763 2997 965 3062 τύπον
988 2999 1101 3061 τοῦ
1125 2996 1587 3078 βαπτίσματος
1611 2997 1679 3061 ἐν
1705 3000 1835 3066 τοῖς
1859 2994 2095 3077 ὁμοίοις
2117 2995 2479 3079 γιγνόμενοι
2503 2993 2601 3060 ἐπ’
2631 2993 2848 3060 ἐλπίδι
2870 2998 2983 3059 τοῦ

461 3127 536 3192 25
570 3103 679 3165 καὶ
711 3100 924 3181 πάντη
949 3099 1110 3165 ποτὲ
1141 3104 1494 3188 μετασχεῖν
1523 3103 1655 3164 τῶν
1685 3099 1936 3180 ὁμοίων,
1964 3097 2123 3163 ὅταν
2154 3103 2270 3180 τῆς
2302 3101 2510 3179 κοινῆς
2538 3097 2803 3164 πάντων
2834 3096 2984 3164 ἅνα-

573 3204 868 3275 στάσεως
900 3205 966 3268 ἐν
995 3206 1073 3288 τῇ
1117 3207 1229 3268 τοῦ
1272 3203 1498 3274 αἰῶνος
1528 3203 1873 3288 συντελείᾳ
1904 3200 2017 3267 τὸν
2048 3204 2272 3287 καιρὸν
2302 3206 2601 3287 παρεῖναι
2633 3201 2985 3285 συμβαίνῃ.

703 3309 891 3371 τοῦτο
929 3304 1040 3370 οὖν
1079 3305 1272 3388 λέγει,
1314 3301 1416 3370 ὅτι
1460 3311 1954 3391 εγΝεετᾼῨΡωΜᾼι
2000 3305 2254 3392 (φησὶν)
2292 3311 2383 3391 τῷ
2417 3311 2652 3392 χριστῷ,
2688 3301 2986 3383 οὐδεμίαν

574 3409 736 3492 πρὸς
773 3407 891 3489 τὴν
924 3412 1268 3491 παροῦσαν
1309 3406 1549 3490 ταύτην
1596 3410 1755 3491 ζωὴν
1799 3404 2131 3475 κοινὼνιάν
2170 3408 2359 3497 ἔχων,
2411 3406 2543 3491 ἐνῇ
2577 3406 2742 3473 κατὰ
2793 3408 2988 3486 νόμον

574 3512 1037 3578 πολιτεύεσθαι
1080 3511 1249 3593 ἡμᾶς
1295 3511 1563 3595 ἀνάγκη.

673 3687 699 3720 2
737 3687 850 3720 cum
874 3671 1092 3734 crucifigi
1120 3673 1162 3719 C
1171 3671 1195 3694 ⁴*
1227 3669 1234 3735 Ι
1265 3688 1378 3720 cum
1402 3673 1541 3735 bapt.
1567 3674 1630 3720 H
1650 3671 1793 3735 (cerr)
2041 3685 2070 3734 5
2106 3688 2202 3722 sec.
2231 3671 2271 3721 f.
2295 3670 2347 3719 in
2371 3672 2418 3718 b.
2449 3685 2488 3719 s.
2523 3671 2567 3720 C
2584 3669 2678 3719 ll*
2737 3687 2834 3719 sec.
2860 3671 2989 3720 hanc

577 3755 629 3810 ᾗ,
654 3755 761 3808 ἃς...
786 3755 851 3801 Η
880 3753 1055 3816 (corr):
1093 3764 1164 3803 txt
1183 3771 1226 3816 g
1418 3769 1443 3817 7
1480 3757 1835 3820 participamur
1864 3758 1907 3806 C
1927 3757 2077 3817 (corr)
2281 3770 2336 3803 12
2373 3755 2748 3803 cumcrucifixus
2772 3771 2880 3802 sum
2911 3756 2954 3803 C
2960 3755 2986 3779 ¹*

574 3834 910 3884 cumcrucifixi
933 3850 1101 3883 sumus
1128 3837 1170 3883 C
1193 3833 1335 3898 (corr)
1366 3834 1373 3898 Ι
1405 3852 1455 3884 n.
1481 3854 1598 3900 ergo
1622 3838 1687 3885 ad
1712 3855 1785 3902 pr.
1814 3839 1875 3885 ll
1902 3835 2044 3899 (corr)
2343 3852 2397 3898 15
2436 3836 2484 3883 in
2519 3837 2603 3884 illa
2637 3837 2739 3884 uita
2762 3838 2825 3885 ll
2845 3837 2989 3901 (corr)

585 3920 639 3965 18
676 3916 753 3964 efl‘.
792 3933 896 3965 esse
937 3915 1014 3963 C*
1038 3916 1105 3964 ll
1333 3933 1389 3965 21
1431 3933 1505 3981 sq.
1543 3918 1697 3966 Coisl.
1726 3935 1818 3979 ²04
1844 3919 1874 3967 f.
1908 3919 2018 3967 2ob
2044 3918 2151 3980 [Cr.
2176 3917 2241 3966 vi.
2269 3932 2345 3979 42.
2424 3917 2505 3965 Fr.
2544 3917 2671 3978 1²4]-
2742 3921 2981 3981 θεόδωρος.

578 4000 726 4047 ἄλλος
750 4001 900 4046 πάλιν
926 3996 1012 4045 ὧδε
1036 3998 1197 4058 φησίν·
1234 3999 1336 4056 ἔπη,
1364 4001 1509 4046 κ.τ.λ.

648 4143 719 4178 10.
779 4129 894 4177 ‘hoc
942 4128 1291 4190 cognoscentmss
1325 4129 1437 4190 ἃς]
1481 4130 1625 4179 Rom.
1666 4131 1728 4178 vi.
1838 4130 2033 4178 πάντων
2066 4131 2327 4189 ἀνθρώπων
2360 4127 2491 4189 αὐτῷ
2522 4131 2883 4191 συμμετασχεῖν
2916 4128 2992 4181 ε’λ·

577 4208 625 4264 6,
684 4207 848 4256 where
904 4207 1001 4256 Th.
1059 4217 1363 4258 comments:
1427 4211 1495 4270 τῷ
1551 4207 1736 4271 χριστῷ
1838 4205 2069 4274 πιζόντων
2090 4210 2174 4269 τῆς
2198 4208 2518 4260 ἀναστάσεως.

580 4289 767 4350 (φησὶν)
792 4291 1134 4350 ἐσταυρωμένῳ
1163 4288 1326 4352 ὥσπερ
1360 4289 1533 4338 ἅπασα
1564 4289 1673 4349 ἡμῖν
1707 4291 1737 4349 ἡ
1909 4308 1982 4357 19.
2043 4295 2244 4341 ‘etenim
2281 4308 2368 4340 nos
2399 4291 2597 4349 omnes,'
2631 4291 2747 4352 δια]
2815 4305 2833 4339 1
2875 4292 2989 4341 Cor.

582 4371 673 4418 ὑπὸ
717 4371 806 4427 τὴν
851 4367 1123 4430 θνητὸτητα
1178 4374 1368 4432 κειμένη
1411 4370 1552 4434 φύσις
1605 4390 1735 4422 συνε-
1840 4375 1920 4422 xii.
1956 4390 2041 4436 13:
2078 4375 2208 4424 cited
2233 4375 2378 4437 again
2403 4390 2465 4422 on
2494 4374 2622 4435 Eph.
2652 4373 2682 4420 i.
2718 4388 2795 4435 ²3·

581 4452 847 4508 σταυρώθη,
870 4449 1037 4511 ἐπειδὴ
1059 4454 1131 4500 καὶ
1157 4453 1291 4500 πᾶσα
1307 4451 1435 4513 αὐτῷ
1450 4457 1729 4510 συνανέστη,
