3293 5233
533 378 665 443 288
1204 389 1661 445 THEoDoRUs
1709 390 2293 463 MOPSUESTENUS
2703 379 2820 463 [ΙΙ.
2861 394 2958 445 12.

533 560 808 645 perfecit
877 562 1463 640 circumcisionem,
1506 562 1614 629 hic
1678 584 1837 628 uero
1888 564 2116 627 diuina
2175 571 2279 628 est
2333 562 2567 646 gratia,
2628 582 2799 645 quae
2859 563 2956 627 in·

532 677 844 748 operatur
873 666 1296 731 mortalitatis
1328 667 1756 732 ablationem.
1845 668 2218 733 necessaria
2247 688 2407 731 uero
2439 678 2541 732 est
2572 678 2639 733 et
2669 668 2957 734 adiectio

531 789 733 851 quam
767 770 1010 835 adiecit
1048 770 1275 833 dicens
1316 768 1385 834 in
1434 769 1911 833 circumcisione
1936 769 2200 846 Christi,
2235 780 2310 837 ut
2351 772 2531 836 dicat
2561 774 2717 856 quia
2747 772 2958 838 ‘hanc

530 870 894 935 circumcisi
927 874 1084 936 estis
1115 874 1698 948 circumcisionem,
1729 873 1914 938 cuius
1959 874 2359 955 promissum
2394 875 2587 937 uobis
2623 873 2955 961 praestitit

468 968 498 1034 5
534 972 868 1039 Christus?
958 985 1028 1040 et
1054 977 1371 1070 quoniam
1402 997 1648 1058 magna
1679 984 1866 1040 erant
1915 996 2086 1059 quae
2134 977 2314 1039 dicta
2361 976 2636 1053 fuerant,
2667 977 2954 1042 necdum

531 1101 689 1144 uero
721 1082 786 1145 in
818 1101 1016 1166 opere
1045 1090 1233 1145 erant
1264 1082 1501 1144 effecta
1531 1104 1545 1142 ε

657 1246 998 1331 consepulti
1041 1247 1306 1330 (inquit)
1350 1246 1458 1311 illi
1498 1246 1569 1310 in
1605 1245 1938 1329 baptisma,
1973 1243 2044 1309 in
2072 1267 2193 1329 quo
2220 1256 2284 1310 et
2314 1246 2804 1311 consurrmstis
2830 1257 2956 1330 per

510 1348 720 1432 fidem
750 1349 1132 1433 operationis
1157 1349 1302 1427 Dei,
1333 1347 1450 1432 qui
1473 1347 1818 1413 suscitauit
1842 1368 1987 1410 eum
2015 1367 2094 1410 cx
2119 1348 2409 1411 mortuis.

661 1485 679 1516 ‘
699 1483 755 1547 si
786 1495 1010 1550 autem
1042 1487 1326 1550 necdum
1360 1486 1630 1568 negotio
1673 1484 1740 1549 id
1778 1485 1974 1568 potiti
2005 1486 2182 1563 estiS,
2215 1494 2440 1551 tamen
2474 1486 2607 1550 iam
2638 1488 2705 1552 in
2738 1486 2951 1553 forma

428 1601 506 1650 10
532 1589 791 1657 illorum
838 1591 1053 1657 effecti
1100 1591 1273 1667 estiS,
1308 1591 1704 1653 commortui
1747 1590 1812 1652 in
1856 1588 2261 1671 baptismate
2304 1600 2370 1653 et
2407 1602 2949 1674 conresurgentes

529 1691 612 1753 ei.
716 1690 994 1756 euidens
1054 1701 1156 1755 est
1219 1691 1532 1774 quoniam
1597 1690 1932 1774 baptisma
2004 1692 2302 1755 adsecuti
2371 1692 2529 1755 estis
2603 1695 2948 1758 credentes

527 1796 848 1879 primitu5‚
897 1797 1076 1880 quod
1130 1804 1367 1879 potens
1418 1795 1506 1858 sit
1558 1795 1687 1857 ista
1735 1793 1947 1857 facere
1997 1795 2219 1874 Deus;
2266 1802 2335 1858 et
2381 1794 2609 1860 fecerit
2660 1796 2811 1873 iam,
2858 1818 2948 1861 ex

528 1897 769 1980 quibus
828 1909 896 1963 et
953 1898 1299 1962 suscitauit
1358 1917 1447 1960 ex
1508 1896 1785 1960 mortuis
1849 1894 2204 1973 Christum,
2260 1896 2325 1959 in
2400 1895 2516 1960 illo
2575 1898 2949 1961 communis

529 2002 1018 2068 resurrectionis
1048 2000 1373 2085 primitias
1405 1997 1751 2084 operatus?
1841 1997 2071 2062 multis
2102 2019 2260 2062 uero
2291 1997 2359 2062 in
2388 1997 2550 2063 locis
2581 1999 2648 2064 in
2681 2010 2946 2083 aposto-

427 2116 497 2182 15
530 2106 656 2171 lica
715 2108 1018 2171 doctrina
1092 2106 1306 2169 inesse
1364 2104 1730 2178 docuimuS,
1791 2099 2107 2183 quoniam
2182 2101 2610 2185 probationes
2684 2103 2945 2168 illorum

529 2231 700 2294 quae
753 2210 1115 2273 secundum
1174 2207 1511 2272 Christum
1559 2213 1717 2267 sunt
1767 2204 1852 2266 de
1901 2202 2137 2267 futuris
2196 2225 2460 2288 semper
2519 2205 2730 2270 facere
2790 2227 2946 2270 con-

528 2312 765 2374 sueuit.
849 2319 1403 2374 commemoratur
1478 2327 1633 2370 uero
1694 2313 1761 2368 et
1822 2302 2034 2367 forma
2086 2304 2198 2368 illa
2250 2327 2422 2389 quae
2481 2307 2566 2369 ad
2635 2326 2946 2389 praesens

527 2412 856 2496 impletur,
917 2412 1010 2475 ita
1070 2422 1145 2476 ut
1205 2413 1556 2475 uideantur
1615 2409 1876 2472 illorum
1937 2429 2110 2491 quae
2163 2418 2607 2492 expectantur
2665 2413 2943 2497 pignora

526 2515 749 2599 aliqua
780 2515 846 2579 in
877 2522 1225 2597 praesente
1255 2513 1499 2576 habere
1527 2533 1543 2591 ;
1597 2510 1751 2574 hinc
1781 2512 2027 2574 etenim
2059 2514 2272 2577 sancti
2305 2513 2589 2597 Spiritus
2620 2516 2945 2597 primitias

1914 2680 1945 2731 8
1979 2697 2093 2731 eum
2115 2697 2193 2731 om
2221 2680 2294 2732 C*

627 2703 672 2751 3,
703 2706 732 2748 4
762 2684 873 2746 hae,
903 2685 1273 2735 circumcisione
1297 2702 1329 2733 r
1475 2696 1501 2747 7
1536 2698 1635 2748 qua
1664 2681 1785 2733 CH
2448 2698 2508 2734 ιο
2540 2690 2892 2749 consurgentes
2913 2702 2945 2734 r

533 2784 591 2835 19
625 2769 677 2819 in
700 2769 948 2833 praesenti
976 2769 1019 2818 C
1039 2769 1189 2830 (corr)
1212 2785 1243 2817 r

1781 2916 1898 2966 read
1928 2917 1981 2965 ἐν
2002 2913 2073 2977 τῷ
2092 2916 2415 2978 βαπτίσματι,
2441 2915 2607 2967 which
2631 2918 2683 2966 in
2706 2917 2805 2968 this
2830 2934 2940 2969 ver-

1781 2998 1890 3047 sion
1935 2998 2102 3047 would
2158 3014 2344 3062 appear
2400 2998 2732 3062 indifl'erently
2775 3015 2831 3049 as
2880 2999 2940 3048 in

1781 3080 2067 3142 baptismate
2110 3094 2167 3128 or
2204 3080 2263 3128 in
2307 3079 2546 3144 baptisma
2559 3094 2577 3129 .·
2632 3097 2715 3130 see
2758 3081 2939 3138 above,

593 2939 636 2988 3.
717 2923 846 2972 hanc
898 2922 1178 2972 circumcisi
1230 2922 1341 2972 estis
1382 2920 1679 2970 circumcisi-

523 3004 685 3066 onem]
764 3005 946 3064 ταύτην
999 3003 1396 3065 περιτετμημένοι
1434 3003 1545 3051 ἐστὲ
1594 3000 1684 3060 τὴν

526 3082 802 3149 περιτομήν.
872 3085 999 3134 Rab.
1045 3092 1259 3135 corrects
1292 3085 1378 3133 the
1417 3083 1516 3134 Gk.
1564 3099 1684 3133 con·

524 3167 764 3216 struction
789 3163 888 3225 (see
911 3180 990 3211 vv.
1016 3161 1109 3226 ll.).
1780 3177 1828 3225 p.
1853 3160 1963 3222 276,
1988 3160 2019 3210 l.
2047 3174 2091 3222 5,
2107 3168 2238 3211 note.
2291 3162 2383 3210 Ex
2404 3162 2647 3211 mortuis:
2670 3162 2729 3213 cf.
2755 3179 2803 3227 p.
2829 3178 2848 3212 ῐ
2858 3175 2937 3227 37,

590 3266 635 3309 4.
725 3248 869 3295 cuius
911 3245 1233 3309 promissum,
1295 3243 1411 3305 &c.]
1493 3242 1677 3292 Thdc:
1777 3243 1812 3294 1.
1847 3259 1923 3303 22,
1953 3250 2087 3292 note.

524 3333 694 3379 τούτου
726 3330 776 3378 δὲ
806 3330 954 3377 αἴτιος
976 3330 1067 3388 οὐχ
1090 3326 1116 3376 ὀ
1139 3327 1288 3386 νόμος,
1322 3323 1435 3374 ἀλλ’
1459 3325 1486 3374 ὸ
1507 3325 1677 3374 δεσπό-
1844 3338 1890 3388 9.
2000 3323 2056 3371 in
2097 3323 2294 3387 fhrma]
2379 3323 2443 3373 είς
2486 3325 2570 3373 τὸν
2611 3325 2775 3375 τύπον.
2851 3323 2930 3376 Cf.

524 3423 610 3465 της
641 3405 859 3466 Χριστός.
929 3404 1152 3467 Thpht.:
1187 3403 1413 3460 τοιαύτην
1451 3402 1501 3449 δὲ
1546 3416 1677 3462 περι·
1777 3419 1827 3468 p.
1860 3419 1939 3467 3ο,
1968 3404 1999 3452 l.
2037 3420 2110 3463 12,
2139 3411 2273 3454 note.

524 3485 674 3546 τομὴν
724 3488 816 3547 οὐχ
851 3485 876 3533 ὁ
913 3487 1048 3543 νόμος
1081 3483 1196 3533 ἀλλ’
1236 3481 1261 3531 ὁ
1302 3484 1508 3545 Χριστὸς
1543 3498 1674 3543 περι·
1851 3498 1922 3534 11.
1996 3485 2232 3535 credentes
2283 3483 2549 3547 primitus,
2615 3480 2758 3547 quod,
2819 3484 2936 3548 &c.]

524 3570 686 3627 τέμνει
717 3569 769 3615 ἐν
801 3563 871 3626 τῷ
897 3565 1219 3628 βαπτίσματι.
1293 3564 1413 3613 Oce.
1438 3581 1450 3612 :
1483 3565 1570 3622 ὅρα
1601 3563 1669 3622 δὲ,
1777 3565 1872 3615 Th.
1903 3567 2024 3615 with
2049 3566 2222 3630 Chrys.
2260 3566 2371 3625 δῖα,
2410 3566 2549 3615 takes
2580 3567 2667 3624 τῆς
2697 3567 2936 3628 ἐνεργείας

525 3644 646 3691 ποτὲ
701 3644 984 3698 πνεύματος,
1041 3642 1161 3689 ποτὲ
1213 3642 1264 3688 δὲ
1321 3641 1534 3701 Χριστοῦ
1589 3637 1678 3696 Τὴν
1776 3663 1831 3695 as
1861 3664 1925 3696 an
1956 3646 2203 3710 objective
2224 3663 2338 3711 gen.
2413 3647 2498 3696 He
2528 3647 2570 3696 is
2602 3647 2838 3697 followed
2868 3649 2937 3712 by

524 3720 785 3785 περιτομὴν
803 3724 943 3782 λέὙΕῑ
969 3721 1222 3785 (referring
1245 3729 1296 3769 t0
1322 3722 1467 3770 R0¹¹¹·
1499 3721 1546 3770 ii·
1580 3735 1677 3785 293
1779 3729 1954 3788 Thdt„
1982 3731 2097 3779 who
2120 3731 2236 3779 thus
2258 3730 2516 3794 expounds
2546 3731 2633 3780 the
2662 3732 2827 3781 clause
2862 3732 2938 3781 διὰ

524 3822 590 3855 on
623 3807 740 3856 Chr.
753 3804 790 3853 ’s
814 3804 941 3853 view
970 3804 1029 3854 of
1056 3804 1140 3853 the
1171 3805 1316 3853 latter
1346 3819 1570 3867 passage,
1594 3818 1678 3851 see

524 3890 683 3938 above
705 3906 753 3953 p.
788 3903 898 3950 232,
927 3889 957 3936 l.
995 3898 1067 3949 17,
1097 3893 1230 3937 note.

592 3984 633 4033 7.
707 3968 1103 4028 consurrexistis]
1172 3969 1242 4017 So
1281 3967 1468 4017 several
1505 3966 1562 4018 of
1589 3968 1675 4017 the

524 4051 674 4099 Latin
710 4050 918 4099 Fathers
954 4047 1170 4113 (Ambr.,
1200 4049 1351 4112 Aug„
1385 4046 1508 4109 &c);
1553 4049 1674 4097 Ter-

523 4132 697 4181 tullian
736 4132 843 4190 (rcs.
873 4148 1010 4179 carn.
1045 4131 1124 4194 23)
1160 4130 1250 4178 has
1283 4131 1677 4178 conresuscilatos

524 4210 603 4267 (cs.
653 4207 1153 4273 “conresurgentes,”
1197 4207 1340 4263 infra,
1382 4209 1412 4256 l.
1451 4222 1523 4267 10,
1574 4208 1673 4256 and

522 4309 599 4341 vv.
630 4292 723 4349 ll.).
791 4293 902 4352 Qua
928 4290 1022 4355 (vv.
1054 4292 1131 4351 ll.)
1157 4290 1197 4339 is
1220 4291 1463 4354 probably
1487 4306 1517 4339 a
1541 4307 1675 4339 mere

522 4373 716 4422 clerical
762 4389 930 4433 error;
976 4373 1039 4423 cf.
1082 4374 1177 4422 “in
1218 4373 1571 4437 baptismate,”
1607 4375 1671 4422 ib.

523 4457 616 4506 Th.
641 4455 761 4504 with
781 4456 955 4518 Chrys.
986 4457 1082 4504 and
1110 4456 1259 4506 Thdt.
1290 4472 1448 4506 seems
1471 4464 1523 4505 to
1547 4456 1674 4505 have

1778 3810 1863 3871 τῆε
1907 3812 2114 3860 πίστεως
2157 3812 2335 3862 rank:
2387 3813 2690 3861 πιστεύοντες
2732 3809 2827 3875 ’γὰρ
2871 3811 2940 3875 ‘rip'

1782 3892 1866 3943 τοῦ
1911 3890 2021 3942 θεοῦ
2061 3890 2261 3953 δυνάμει
2316 3893 2644 3954 προσμένομσ
2696 3892 2787 3953 τὴν
2829 3892 2936 3944 (ι’-νά·

1776 3991 1965 4034 στασιν,
2025 3974 2246 4036 ἐνέχυρον
2305 3973 2498 4034 ἔχοντες
2550 3970 2641 4022 τοῦ
2694 3974 2935 4024 δεσπότου

1777 4049 1990 4114 Χριστοῦ
2012 4051 2100 4111 τήν
2123 4049 2408 4103 ἀνάστασιν.

1847 4144 1919 4198 14.
2026 4129 2396 4177 resurrectionis
2450 4129 2738 4192 primitias]
2835 4128 2934 4179 See

1775 4225 1823 4273 p.
1860 4223 1966 4272 125,
1995 4209 2026 4259 l.
2065 4211 2139 4265 18,
2163 4217 2311 4267 note;
2346 4225 2413 4258 on
2435 4227 2474 4258 s.
2500 4211 2725 4274 Spirilus
2743 4210 2933 4274 primi-

1775 4293 1873 4341 tias
1896 4293 1948 4352 (1.
1971 4293 2048 4356 19)
2074 4292 2135 4342 cf.
2166 4307 2249 4355 pp.
2282 4292 2358 4355 38,
2388 4293 2418 4341 l.
2445 4307 2485 4352 1,
2514 4309 2615 4357 sq.;
2657 4307 2762 4356 139,
2793 4293 2824 4343 1.
2854 4307 2926 4355 15.

1849 4389 1919 4438 15.
1982 4377 2289 4441 probationes
2345 4379 2562 4437 illorum,
2628 4377 2745 4438 δία]
2837 4379 2934 4427 See

1776 4475 1824 4523 p.
1861 4473 1967 4523 123,
1997 4460 2028 4509 1.
2059 4479 2107 4521 4,
2131 4466 2267 4511 note.
