3293 5233
553 393 681 463 ²14
1217 389 1672 446 THEODORUS
1720 388 2302 448 Mopsusssmnns
2615 384 2736 469 [11.
2780 401 2970 467 1—3.

682 564 926 630 deinde
956 581 1226 636 sumens
1255 551 1815 641 exhortationem,
1846 563 2077 628 dicens
2089 583 2116 628 1:

681 701 747 781 s'i
793 735 922 800 qua
971 737 1141 800 ergo.
1165 716 1504 780 consolatio
1550 715 1622 780 in
1685 713 1957 792 Christo,
2000 714 2066 778 si
2111 713 2288 797 quod
2312 713 2618 780 solatium
2652 715 2973 792 caritatis,

551 819 617 884 si
662 842 792 904 qua
837 819 1097 884 societas
1149 819 1460 903 Spiritus,
1516 819 1581 884 si
1634 838 1766 902 qua
1814 828 1878 883 et
1921 817 2168 882 uiscera
2217 818 2669 897 miserationis,
2722 819 2975 903 implete

543 921 872 1004 gaudium
903 943 1130 986 meum.

492 1060 523 1128 5
685 1048 857 1112 bene
893 1049 1049 1131 quia
1088 1048 1265 1112 dixit
1302 1047 1371 1111 si
1410 1067 1541 1129 qua
1578 1067 1744 1130 ergo,
1777 1067 1860 1110 eo
1899 1045 2079 1130 quod
2117 1045 2517 1110 uidebantur
2553 1063 2784 1112 curam
2827 1047 2972 1112 eius

553 1148 801 1213 habere
862 1161 1133 1233 propter
1187 1151 1648 1213 imminentem
1708 1151 1768 1213 ei
1835 1149 2320 1223 necessitatem,
2369 1150 2464 1212 ita
2507 1159 2583 1213 ut
2626 1150 2974 1213 mitterent

556 1260 625 1314 et
686 1249 802 1314 illa
861 1273 1033 1335 quae
1093 1252 1239 1315 usui
1299 1252 1439 1315 eius
1494 1252 1793 1316 sciebant
1852 1271 1998 1314 esse
2056 1251 2423 1314 necessaria
2446 1269 2464 1329 ;
2541 1250 2973 1314 ‘omnimodo

559 1352 823 1435 (inquit)
874 1355 926 1416 si
978 1354 1168 1417 uobis
1220 1374 1376 1418 cura
1416 1363 1518 1417 est
1570 1354 1658 1417 de
1707 1363 1934 1418 nostra
1978 1352 2448 1428 consolatione,
2496 1362 2566 1417 et
2617 1351 2974 1435 diligentes

556 1456 1079 1521 nos'condoletis
1110 1459 1302 1523 nobis
1339 1456 1501 1521 talia
1539 1457 1967 1540 patientibus,
2001 1453 2116 1521 illa
2155 1457 2355 1522 facite
2392 1478 2564 1540 quae
2601 1457 2972 1541 perfectum

454 1582 534 1632 10
559 1564 750 1628 nobis
779 1563 1098 1647 gaudium
1130 1563 1217 1627 de
1248 1562 1440 1625 uobis
1471 1562 1747 1625 reddere
1777 1559 2127 1644 poterunt.'

687 1734 765 1786 ut
818 1722 1103 1804 idzpsum
1159 1721 1448 1804 sapiatis,
1488 1720 1772 1785 candem
1839 1720 2179 1784 caritatem
2245 1719 2554 1797 habentes,
2612 1720 2973 1798 unanimes,

556 1847 760 1892 unum
788 1828 1111 1911 sapientes.

688 1976 861 2040 quae
904 1955 1060 2018 illa?
1120 1955 1301 2018 uarie
1345 1953 1539 2029 dixit,
1584 1961 1660 2016 ut
1709 1951 1893 2016 dicat
1942 1950 2459 2015 ‘concordantes
2504 1960 2573 2016 et
2615 1952 2975 2034 diligentes

557 2058 984 2123 alterutrum!
1074 2057 1318 2121 deinde
1377 2064 1446 2120 et
1505 2054 1827 2120 abdicans
1889 2054 2004 2118 illa
2084 2075 2258 2138 quae
2329 2053 2419 2116 ab
2475 2052 2625 2116 -illis
2701 2052 2973 2133 fiebant,

456 2185 524 2253 15
560 2164 817 2228 monuit
832 2181 861 2226 1:

689 2334 864 2398 nihil
883 2331 1225 2395 secundum
1255 2329 1770 2394 concertationem
1800 2338 1921 2393 aut
1947 2325 2190 2406 uanam
2210 2326 2518 2410 gloriam.

689 2465 842 2522 ‘nec
882 2459 1059 2521 enim
1108 2457 1474 2540 cupiditate
1523 2476 1738 2519 uanae
1777 2455 2029 2556 gloriae
2074 2475 2271 2537 super
2306 2454 2666 2537 primatum
2712 2451 2975 2519 debetis

560 2562 964 2627 contendere
988 2585 1004 2642 ;
1048 2562 1163 2626 sed
1197 2560 1357 2651 quid
1390 2562 1605 2645 magis
1634 2560 1951 2624 conuenit
1980 2579 2102 2622 uos
2134 2558 2349 2623 facere
2370 2557 2428 2623 ?''

661 2765 687 2815 7
722 2770 866 2804 usum
896 2754 965 2804 C*
991 2756 1056 2805 H
1112 2754 1180 2803 ad
1199 2768 1341 2803 usum
1371 2754 1413 2803 C
1435 2755 1612 2815 (corr):
1638 2759 1718 2802 txt
1739 2770 1771 2802 r
1793 2751 1803 2817 Ι
1833 2752 2042 2802 omnino
2066 2751 2183 2816 (sor
2201 2750 2512 2815 omnimodo)
2539 2768 2572 2800 r

560 2834 673 2899 (for
693 2834 880 2894 nostra)
905 2832 973 2883 H
1239 2848 1257 2881 1
1272 2849 1313 2892 1,
1349 2847 1401 2882 12
1436 2841 1491 2882 ut
1515 2832 2046 2898 idipsum—sapientes
2067 2848 2145 2879 om
2168 2848 2200 2880 r

560 2916 766 2975 fiebant)
792 2932 824 2963 r
1081 2926 1138 2976 17
1173 2915 1498 2980 cupiditatem
1521 2916 1587 2965 Il

2796 2756 2827 2804 8
2861 2768 2977 2805 mea

2498 2848 2556 2893 ¹4
2588 2831 2836 2882 faciebant
2861 2832 2982 2898 (jor

1780 2917 1839 2964 18
1872 2913 2017 2963 uobis
2040 2928 2072 2960 r

631 3106 677 3153 3.
720 3090 876 3153 siqua
898 3096 942 3137 et
965 3090 1148 3137 mis-cera
1173 3088 1517 3149 miserationis]
1553 3089 1618 3138 Ο.
1641 3090 1721 3145 L.‚

562 3173 610 3221 si
627 3187 725 3236 qua
748 3188 799 3219 u.
821 3178 867 3218 et
889 3171 1216 3219 miserationes
1224 3186 1247 3229 ‚·
1278 3170 1325 3218 si
1353 3171 1478 3234 quid
1501 3188 1575 3230 u.‚
1604 3172 1715 3230 δια,

564 3251 894 3301 Cod.Amiat.
933 3249 1043 3298 The
1060 3251 1372 3299 Clementine
1389 3251 1538 3313 Vulg.
1550 3265 1721 3313 agrees

562 3334 687 3383 with
733 3349 825 3381 our
870 3332 1178 3388 translation,
1217 3333 1480 3395 excepting
1528 3331 1635 3380 that
1680 3331 1719 3379 it

564 3416 713 3465 omits
734 3421 793 3462 et.
862 3414 973 3462 The
996 3429 1132 3461 error
1152 3428 1311 3461 seems
1336 3420 1387 3461 to
1420 3412 1547 3461 have
1580 3419 1719 3475 crept

564 3496 615 3544 in
656 3496 783 3543 from
822 3509 854 3541 a
897 3493 1248 3543 reminiscence
1291 3493 1350 3542 of
1388 3493 1496 3542 Col.
1541 3493 1607 3542 iii.
1662 3507 1716 3541 12

567 3576 856 3637 (σπλάγχνα.
879 3577 1159 3637 οἰκτιρμοῦ).

631 3668 676 3716 5.
722 3673 772 3704 co
793 3657 924 3719 quod
941 3656 1255 3711 uidebantur,
1280 3655 1395 3717 δια]
1419 3655 1450 3703 i.
1462 3672 1504 3705 e.
1530 3654 1723 3706 S.Paul

565 3738 607 3787 is
629 3737 807 3801 urging
830 3737 913 3786 the
936 3744 1046 3800 past
1073 3737 1366 3786 kindnesses
1400 3737 1459 3786 of
1485 3736 1572 3786 the
1605 3737 1722 3786 Phi-

564 3819 758 3884 lippian
776 3819 977 3869 Church
995 3821 1210 3870 towards
1228 3821 1431 3870 himself
1449 3819 1529 3881 (cs.
1547 3838 1597 3885 p.
1614 3834 1722 3887 197,

567 3903 619 3952 ll.
652 3919 694 3962 2,
723 3904 771 3965 3)
795 3918 849 3951 as
872 3919 902 3950 a
925 3903 1040 3966 plea
1062 3903 1137 3952 for
1160 3904 1244 3953 the
1268 3904 1533 3953 sulfilment
1561 3904 1620 3953 of
1646 3904 1724 3954 his

566 3993 764 4049 present
789 3993 1001 4049 request.
1073 3987 1142 4036 So
1168 3988 1274 4047 (but
1298 3987 1418 4036 with
1443 3988 1539 4037 less
1566 3987 1723 4036 direct

566 4072 777 4120 allusion
803 4079 855 4119 to
883 4084 926 4118 c.
951 4069 1018 4117 iv.
1051 4082 1108 4117 ro
1130 4070 1225 4133 sq.)
1253 4069 1457 4133 Chrysa
1493 4071 1552 4119 ὠς
1587 4071 1645 4118 ἂν
1678 4071 1722 4118 εἰ

566 4156 757 4215 ἔλεγεν·
794 4154 838 4201 el
857 4153 962 4200 τινά
992 4169 1083 4210 μου
1103 4153 1253 4212 λόγον
1274 4154 1416 4213 ἔχεις.
1465 4153 1644 4202 Thdt.:
1681 4152 1729 4199 εἴ

566 4254 678 4285 τινα
713 4236 812 4297 ’γὰρ
845 4236 947 4293 ἐμοὶ
982 4234 1290 4294 παράκλησιν
1326 4234 1512 4294 (φησὶν)
1548 4251 1720 4295 προσε-

567 4316 753 4377 νεγκεΐν
776 4316 1157 4378 βούλεσθε...διὰ
1178 4316 1349 4362 τούτου
1372 4317 1672 4376 παράσχετε.

634 4401 676 4445 8.
744 4398 790 4445 si
802 4437 809 4445 .
823 4437 829 4446 .
844 4437 850 4446 .
866 4397 1501 4461 d17tffiwtes...pat&nte'bus]
1591 4398 1723 4447 Lan·

569 4476 717 4526 franc.

1888 3103 1934 3152 9.
1984 3084 2258 3148 condoletis]
2325 3086 2406 3136 Cf.
2453 3087 2673 3150 Riins‘ch,
2716 3089 2871 3148 Itala,
2917 3106 2970 3155 p.

1828 3174 1939 3233 185.

1893 3268 1965 3302 11.
2026 3251 2488 3316 idipsum...unum]
2555 3252 2730 3316 vulg„
2784 3254 2971 3304 idern...

1819 3335 2047 3398 z'dzpsum.
2120 3335 2205 3384 On
2225 3334 2438 3398 idipsum
2471 3350 2556 3385 see
2588 3336 2761 3395 above,
2802 3352 2851 3400 p.
2893 3338 2977 3394 82,

1820 3414 1855 3462 1.
1886 3430 1959 3477 19,
1989 3422 2124 3464 note.

1893 3507 1964 3555 13.
2015 3510 2139 3557 quae
2156 3494 2246 3543 illa
2261 3494 2294 3550 ?,
2318 3498 2460 3546 uarie
2478 3497 2623 3556 dixit,
2647 3498 2762 3560 δια]
2795 3498 2977 3563 Jacobi

1822 3585 2046 3639 suggests
2067 3577 2169 3625 illis
2182 3591 2206 3634 ‚·
2231 3577 2320 3626 but
2343 3593 2375 3626 a
2390 3579 2532 3628 mark
2548 3580 2606 3628 os
2620 3580 2978 3644 interrogation

1824 3659 2025 3707 renders
2063 3658 2150 3709 the
2185 3660 2299 3729 MS·
2337 3667 2440 3710 text
2479 3661 2791 3726 intelligible.
2859 3664 2978 3711 Pos-

1824 3740 1967 3803 sibly,
2013 3741 2259 3801 however,
2305 3742 2397 3791 illa
2440 3758 2556 3806 may
2590 3743 2653 3791 be
2699 3742 2981 3808 redundant

1827 3824 1909 3886 (cs.
1939 3843 1988 3890 p.
2012 3841 2122 3888 242,
2152 3825 2188 3874 1.
2213 3827 2308 3887 14),
2334 3841 2391 3875 or
2412 3841 2442 3872 a
2465 3824 2740 3874 correction
2763 3825 2821 3875 os
2835 3842 2973 3890 quae.

1897 3904 1968 3956 16.
2020 3906 2433 3968 concertationem]
2509 3906 2681 3970 Vulg.,
2717 3908 2981 3955 contentio·

1824 4002 1935 4034 nem
1950 4002 1974 4046 ;
2006 3988 2107 4036 and
2129 4003 2184 4037 so
2210 3988 2463 4036 Rabanus.
2520 3987 2727 4052 Jacobi:
2756 3990 2846 4036 “at
2868 4003 2980 4035 con-

1822 4074 1932 4116 cert.
1963 4076 2166 4132 propter
2197 4069 2448 4117 raritatem
2483 4067 2714 4117 uocabuli
2747 4083 2777 4115 a
2809 4075 2982 4117 nostro

1823 4150 2020 4213 saepius
2049 4151 2261 4200 adhibiti
2293 4151 2672 4214 praeferendum
2702 4165 2808 4199 esse
2840 4150 2981 4199 uide-

1820 4232 1948 4283 tur.'’
2047 4232 2298 4297 Similarly
2342 4232 2506 4280 below
2560 4230 2627 4294 (p.
2675 4245 2787 4294 215,
2832 4231 2868 4279 l.
2914 4232 2981 4290 ι),

1825 4315 2062 4364 Rabanus
2079 4315 2367 4364 substitutes
2386 4314 2469 4362 the
2489 4313 2640 4378 Vulg.
2657 4314 2688 4342 ‘⁸
2705 4311 2984 4378 superiores

1828 4398 1922 4448 sibi
1945 4399 2159 4450 inuicem
2182 4397 2528 4449 arbitrantes.”
