3293 5233
602 374 724 454 308

1248 386 1705 439 THEODORUS
1752 386 2336 442 MOPSUESTENUS

2609 373 2750 463 [IV.
2786 396 3015 462 7—10.

730 559 850 624 illa
878 579 1043 643 quae
1065 559 1236 623 circa
1259 580 1357 623 me
1392 570 1551 624 sunt
1574 560 1797 624 omnia
1826 571 1978 625 nota
2015 561 2196 625 uobis
2206 561 2420 644 saciet
2461 561 2779 644 Tychicus,
2814 563 3018 629 caris-

595 660 804 723 simus
814 661 1048 743 frater
1066 659 1370 745 etfidelzs
1398 661 1702 724 minister
1724 672 1786 725 et
1811 683 2150 747 consenties
2180 663 2250 726 in
2287 663 2570 729 Domino
2586 689 2617 741 ,·
2646 688 2830 749 quem
2862 666 3019 730 miri

594 760 691 824 ad
727 782 841 825 uos
881 761 978 825 ad
1008 761 1123 825 hoc
1163 762 1388 845 ipsum,
1430 773 1505 826 ut
1531 774 1857 846 cognoscat
1883 786 1957 828 ea
2002 786 2165 847 quae
2208 766 2381 830 circa
2425 789 2539 831 uos
2582 779 2739 833 sunt
2775 779 2837 833 et
2872 791 3015 834 con-

590 865 831 929 soletur
853 865 1047 928 corda
1076 873 1307 942 uestra,
1336 886 1481 928 cum
1516 857 1814 930 Onesimo
1823 866 2022 951 fideli
2055 878 2117 931 et
2142 868 2476 934 carissimo
2501 871 2734 953 fratre
2770 871 2888 955 qui
2921 886 3019 939 est

531 975 562 1040 5
593 988 671 1030 ex
697 967 891 1032 uobis.
981 966 1204 1030 omnia
1233 966 1413 1031 uobis
1442 975 1593 1032 nota
1620 969 1903 1051 sacient,
1926 990 2088 1051 quae
2113 970 2219 1033 lzic
2244 983 2554 1053 aguntur.

724 1095 1074 1179 ‘quoniam
1106 1096 1332 1160 omnia
1361 1097 1551 1160 uobis
1584 1105 1743 1159 nota
1775 1096 1970 1160 faciet
2000 1094 2334 1177 Tychicus
2367 1096 2482 1161 illa
2512 1119 2685 1181 quae
2714 1119 2872 1181 erga
2902 1119 3011 1164 me

593 1205 766 1274 sunt,
814 1206 1164 1280 propterea
1219 1220 1260 1260 a
1309 1219 1418 1261 me
1462 1199 1754 1262 directus
1814 1207 1914 1261 est
1975 1217 2128 1260 cum
2181 1197 2503 1262 Onesimo
2544 1199 2760 1277 fratre,
2811 1201 2924 1282 qui
2969 1220 3012 1263 a

591 1304 785 1367 uobis
831 1310 1121 1378 uenerat,
1156 1302 1248 1365 ita
1285 1313 1360 1366 ut
1402 1312 1560 1366 nota
1607 1302 1800 1364 uobis
1850 1300 2099 1364 faciant
2144 1320 2319 1384 quae
2363 1321 2520 1383 erga
2564 1322 2686 1365 nos
2731 1311 2906 1381 sunt,
2941 1312 3009 1367 et

590 1404 928 1468 oblectent
957 1425 1079 1467 uos
1109 1424 1229 1487 per
1257 1424 1449 1467 suum
1481 1405 1864 1479 aduentum,
1897 1405 2122 1467 omnia
2145 1426 2316 1488 quae
2346 1405 2454 1468 hic
2483 1413 2771 1488 aguntur
2801 1406 3011 1469 mani·

486 1519 565 1565 10
589 1507 757 1573 festa
788 1509 1102 1573 facientes
1135 1507 1364 1571 uobis)

684 1733 689 1741 ,
714 1659 962 1722 salutat
991 1680 1102 1722 uos
1130 1658 1190 1721 A
1203 1657 1561 1722 rii-tardius
1588 1657 1992 1740 concaptiuus
2021 1679 2212 1733 meus,
2241 1669 2304 1722 et
2325 1659 2616 1735 Marcus,
2636 1671 2817 1744 nepos
2837 1659 3009 1724 Bar-

587 1765 806 1842 nabae,
837 1764 914 1828 de
940 1785 1061 1847 quo
1093 1764 1475 1827 mandatum
1506 1761 1828 1844 accepistis
1857 1772 1946 1840 ut,
1985 1761 2051 1824 si
2087 1762 2334 1826 uenerit
2365 1762 2462 1826 ad
2484 1785 2612 1841 uos,
2642 1763 3010 1847 suscipiatis

588 1866 792 1930 illum.

715 1992 959 2055 deinde
1006 1990 1253 2055 salutat
1301 2010 1416 2054 eos
1464 1991 1550 2053 ab
1598 1988 2005 2064 AristarchO,
2054 2009 2253 2072 quem
2308 2000 2375 2056 et
2422 1990 2760 2073 captiuum
2811 2012 3002 2056 suum

483 2106 553 2173 15
586 2091 786 2157 edicit
831 2114 993 2170 esse,
1027 2104 1259 2176 utpote
1304 2092 1713 2175 conligatum
1760 2092 1925 2170 sibi;
1968 2102 2042 2155 et
2081 2113 2121 2154 a
2169 2091 2398 2155 Marco
2443 2114 2642 2176 quem
2691 2105 3002 2176 nepotem

583 2191 746 2258 dicit
777 2216 921 2259 esse
954 2195 1314 2273 Barnabae,
1347 2195 1432 2258 de
1461 2215 1595 2279 quo
1627 2196 1830 2259 etiam
1863 2196 2257 2259 mandatum
2289 2215 2404 2259 eos
2444 2197 2775 2278 accepisse
2805 2198 3007 2261 edicit

584 2300 678 2364 ita
709 2308 784 2363 ut
814 2300 1193 2363 uenientem
1227 2320 1380 2362 eum
1414 2300 1753 2381 recipiant.

1841 2298 2003 2362 dicit
2035 2307 2260 2361 autem
2292 2319 2406 2362 eos
2447 2300 2779 2381 accepisse
2816 2321 3006 2363 man-

583 2401 817 2465 datum
850 2421 981 2464 non
1014 2402 1102 2466 ab
1133 2400 1264 2464 alio
1295 2400 1537 2483 aliqu0‚
1569 2421 1783 2483 neque
1814 2422 1854 2463 a
1885 2421 1972 2478 se,
2006 2401 2121 2463 sed
2156 2399 2243 2463 ab
2277 2400 2388 2464 illo
2429 2400 2540 2484 qui
2581 2402 3004 2484 praedicane-

682 2593 729 2656 6,
760 2606 787 2658 7
823 2581 1239 2660 quoniam4sunt
1260 2610 1336 2645 om
1363 2610 1393 2643 r

583 2685 785 2726 ventum
807 2678 880 2725 ad
893 2678 1005 2726 calc.
1037 2678 1099 2737 C]
1314 2691 1333 2726 1
1347 2692 1366 2726 1
1405 2690 1563 2740 nepus
1588 2675 1654 2724 H

581 2759 702 2823 alio)
727 2776 805 2808 om
829 2759 896 2809 H
896 2758 923 2784 ⁴*

647 2934 694 2982 3.
774 2926 834 2967 ut
859 2927 1105 2982 cognoscat
1124 2936 1177 2969 ea
1198 2936 1323 2984 quae
1341 2921 1468 2970 circa
1492 2937 1578 2970 uos
1599 2919 1740 2980 sunt]

580 3000 661 3051 rua
688 2998 794 3064 γνῷ
824 3001 886 3049 τὰ
914 3003 1025 3063 περὶ
1056 2999 1180 3057 ὑμῶν
1196 3019 1211 3060 ;
1246 3000 1329 3050 the
1352 3001 1557 3065 reading
1579 3000 1638 3049 os
1654 3000 1739 3049 the

582 3084 733 3148 Vulg.
781 3084 893 3142 But,
921 3098 976 3132 as
1000 3083 1076 3131 Dr
1100 3083 1358 3147 Lightsoot
1380 3083 1469 3131 has
1492 3081 1736 3131 observed

581 3163 893 3224 (Colossinus,
951 3179 1002 3228 p.
1041 3179 1150 3226 321,
1212 3162 1367 3225 note),
1429 3161 1737 3211 Theodore's

586 3246 890 3293 “comment
930 3243 1126 3308 implies
1166 3244 1250 3293 the
1286 3244 1429 3293 other
1447 3241 1476 3263 ”
1511 3243 1735 3306 reading,

580 3327 673 3376 viz.
709 3327 786 3375 ἵνα
819 3325 979 3388 γνῶτε
1014 3325 1076 3374 τὰ
1111 3328 1217 3387 περὶ
1257 3324 1402 3384 ἡμῶν.
1472 3327 1567 3376 See
1610 3328 1645 3376 l.
1676 3330 1735 3375 8:

586 3409 708 3456 “ita
754 3417 807 3456 ut
851 3416 972 3457 nota
1020 3407 1164 3456 uobis
1215 3406 1401 3456 saciant
1446 3424 1574 3471 quae
1617 3424 1736 3471 erga

579 3505 669 3539 nos
703 3495 818 3538 sunt
835 3485 864 3507 ’⁹
888 3487 1048 3548 (πεῖνα
1077 3487 1378 3548 γνωρίσωσιν
1404 3487 1508 3545 ὑμῖν
1537 3485 1599 3535 τὰ
1625 3489 1735 3548 περὶ

577 3569 746 3635 mecm).

643 3672 690 3714 4.
755 3650 908 3715 fideli
955 3656 1001 3698 et
1051 3649 1320 3710 carissimo]
1417 3651 1529 3699 The
1586 3650 1735 3699 Latin

576 3735 797 3785 versions
831 3748 1022 3782 reverse
1058 3732 1142 3781 the
1176 3732 1321 3781 order
1361 3730 1419 3780 os
1450 3731 1534 3781 the
1569 3731 1734 3795 adjec-

576 3821 715 3869 lives.

647 3917 666 3951 1
682 3919 721 3951 ι.
788 3901 1012 3958 ΛῙαντω,
1051 3907 1192 3963 nepos
1225 3898 1510 3959 Barnabae]
1577 3899 1658 3949 Cf.
1698 3900 1734 3948 1.

581 3996 655 4045 15.
723 3983 835 4031 The
882 3981 1031 4030 Latin
1076 3980 1297 4029 versions
1346 3980 1459 4044 give
1506 3982 1732 4029 “conso-

573 4063 796 4115 brinus.'’
862 4064 970 4114 Our
1003 4062 1284 4117 translator,
1310 4062 1426 4112 who
1460 4062 1510 4111 ian
1548 4076 1566 4111 ι
1595 4063 1730 4112 Tim.

574 4164 621 4194 v.
656 4168 686 4210 4
727 4162 837 4195 uses
872 4152 1053 4208 nepotes
1086 4144 1162 4193 sor
1194 4142 1389 4203 ἔκγονα,
1421 4159 1580 4193 seems
1614 4144 1733 4195 here

574 4238 627 4277 to
663 4229 789 4277 have
819 4226 1084 4290 employed
1118 4226 1201 4275 the
1231 4225 1369 4273 word
1399 4225 1450 4274 in
1483 4226 1566 4275 the
1589 4242 1732 4275 sense

572 4311 631 4359 of
647 4311 844 4373 nephew
868 4308 925 4370 (“
943 4306 1124 4357 sister’s
1148 4306 1290 4363 son,’'
1314 4308 1374 4357 E.
1400 4308 1505 4368 V.)‚
1531 4310 1730 4372 regard-

571 4394 658 4457 ing
690 4390 883 4454 ἀνεψιός
921 4388 1336 4451 εει-ἀδελφιδοῦς.
1406 4391 1482 4442 Of
1510 4393 1607 4442 this
1644 4409 1730 4441 use

571 4473 629 4519 os
645 4472 839 4534 ἀνεψιός
862 4470 998 4520 there
1022 4486 1233 4535 appears
1268 4480 1321 4520 to
1354 4472 1417 4521 be
1450 4489 1515 4521 no
1543 4473 1728 4522 certain

1602 2595 1633 2643 8
1668 2591 1815 2644 saciet
1844 2591 1913 2643 C*
1982 2591 2131 2643 saciat
2154 2592 2241 2643 H:
2278 2598 2360 2642 txt
2385 2591 2428 2643 C
2450 2593 2597 2655 (corr)
2622 2610 2654 2643 r
2687 2579 3000 2656 [saciet—ad-

1861 2690 1915 2736 1⁴
1952 2674 2303 2739 conoeptiuum
2332 2675 2376 2725 C
2396 2674 2545 2739 (corr)
2733 2678 2790 2727 18
2822 2677 2888 2726 ab
2912 2677 3020 2741 (bes

1841 2915 2072 2980 example
2093 2914 2264 2964 before
2298 2915 2383 2964 the
2413 2913 2689 2978 beginning
2714 2913 2772 2964 os
2803 2916 2890 2965 the
2915 2916 3001 2979 7th

1841 3005 1973 3047 cent.
2049 2998 2112 3046 In
2136 2998 2220 3047 the
2244 2997 2332 3047 8th
2361 3006 2568 3060 century
2591 2998 2652 3059 (Ρ)
2681 2997 2765 3046 the
2794 2998 3000 3062 opinion

1841 3080 1949 3129 that
1990 3079 2191 3128 Marcus
2237 3095 2338 3127 was
2384 3080 2443 3127 St
2493 3077 2659 3128 Paul's
2703 3079 2915 3144 nephew
2959 3084 3002 3131 is

1842 3160 2106 3224 expressed
2151 3161 2218 3225 by
2264 3160 2435 3210 Sedul.
2485 3161 2643 3220 Scot.,
2684 3161 2814 3221 who,
2854 3162 3006 3214 while

1841 3241 2086 3305 retaining
2110 3242 2193 3290 the
2225 3241 2442 3306 Vulgate
2473 3242 2735 3307 rendering
2757 3243 2815 3292 os
2842 3245 3001 3308 ἀνεψ..

1842 3325 2070 3389 explains
2092 3345 2103 3375 :
2145 3326 2180 3351 ‘⁶
2197 3325 2328 3374 filius
2350 3325 2533 3375 sororis
2556 3323 2868 3374 Barnabae.”

1907 3406 2137 3470 Possibly
2178 3408 2412 3457 however
2456 3414 2597 3470 nepos
2635 3422 2737 3455 was
2772 3406 2893 3455 used
2933 3407 3002 3470 by

1840 3506 1932 3537 our
1966 3489 2229 3538 translator
2263 3505 2317 3537 as
2349 3504 2412 3537 an
2448 3489 2732 3552 equivalent
2757 3487 2815 3536 os
2840 3505 2999 3537 conso-

1840 3569 2028 3626 brinus,
2054 3587 2085 3618 a
2108 3586 2247 3619 sense
2270 3570 2435 3619 which
2466 3570 2550 3618 the
2577 3569 2712 3617 word
2736 3586 2895 3619 seems
2919 3587 3001 3620 oc-

1839 3651 2111 3715 casionally
2151 3660 2203 3700 to
2238 3651 2365 3700 have
2403 3652 2563 3699 borne
2602 3652 2655 3699 in
2685 3651 2784 3699 late
2816 3651 3002 3711 Latin:

1840 3749 1922 3782 see
1946 3734 2206 3797 Ducange‚
2228 3750 2268 3781 s.
2292 3749 2340 3782 v.
2413 3735 2472 3782 In
2497 3734 2655 3782 either
2676 3749 2790 3783 case
2813 3734 2874 3782 its
2897 3750 3000 3783 em-

1841 3816 2099 3880 ployment
2121 3815 2237 3864 here
2263 3831 2472 3879 appears
2497 3824 2548 3864 to
2572 3816 2634 3864 be
2653 3831 2717 3864 an
2740 3823 3002 3878 argument

1839 3897 1915 3946 for
1945 3897 2196 3960 assigning
2230 3912 2258 3944 a
2292 3896 2391 3946 late
2425 3896 2542 3945 date
2575 3903 2628 3946 to
2663 3897 2760 3945 this
2795 3899 3000 3948 transla-

1840 3977 1964 4028 tion.

1909 4077 1983 4124 14.
2049 4062 2306 4125 captiuum
2345 4060 2517 4120 suum]
2542 4082 2585 4102 =
2610 4061 2961 4125 concaptiuum
2982 4079 3001 4123 3

1839 4158 1921 4192 see
1960 4150 2077 4192 text.
2145 4143 2463 4206 Conligatum
2498 4143 2998 4199 ,ςέὸίεσυνδεδεμένον

1838 4221 1985 4285 αὐτῷ.
2465 4275 2470 4282 ,

1906 4308 1981 4358 18.
2046 4307 2108 4355 ab
2130 4306 2215 4354 illo
2232 4306 2324 4370 qui
2334 4305 2732 4370 praedt‘cauerat,
2762 4304 2879 4369 &c.]
2903 4305 2995 4357 i.e.

1837 4390 2133 4453 Epaphras3
2168 4405 2249 4437 see
2279 4404 2330 4452 p.
2359 4401 2467 4450 257,
2497 4388 2531 4436 l.
2550 4402 2599 4452 9,
2623 4395 2756 4437 note.
2823 4388 2998 4444 Thdt..

1835 4482 1941 4521 true
1979 4481 2029 4520 to
2066 4471 2143 4520 his
2179 4470 2458 4520 conviction
2498 4470 2605 4519 that
2644 4471 2695 4519 S.
2738 4471 2858 4519 Paul
2895 4487 2999 4521 was
