3293 5233
582 383 620 432 2
1244 379 1700 432 THEODORUS
1745 378 2329 434 MOPSUESTENUS

586 551 803 617 modis
833 551 1148 617 omnibus
1179 550 1346 634 legis
1375 548 1641 616 firmare
1670 549 1977 630 decreta;
2022 550 2323 616 dicentes
2351 551 2670 635 quoniam
2703 559 2717 585 ‘
2740 553 2991 617 nullum

580 656 897 721 iuuamen
956 676 1046 720 ex
1105 675 1186 720 ea
1243 655 1377 720 fide
1436 675 1611 739 quae
1670 656 1739 719 in
1801 653 2068 719 Christo
2134 662 2239 720 est
2265 713 2273 722 .
2297 656 2592 739 poterint
2649 659 2993 724 credentes

582 760 878 843 adsequi,
916 759 972 823 si
1021 780 1155 824 non
1204 759 1408 824 etiam
1458 767 1529 824 et
1576 758 1742 842 legis
1790 758 2179 842 Moysaicae
2222 758 2647 844 impleuerint
2686 762 2992 827 decreta.'

582 863 896 927 dicebant
940 862 1116 926 enim
1159 862 1317 946 quia
1365 869 1434 927 et
1481 862 1772 945 primum
1822 859 1936 926 lex
1982 882 2026 926 a
2075 863 2225 927 Deo
2268 863 2431 929 data
2477 866 2567 931 sit
2612 886 2692 931 ea
2740 868 2992 932 ratione

518 973 658 1046 5ut
715 965 1166 1029 custodientes
1225 985 1375 1029 eam
1434 965 1762 1029 bonorum
1817 966 1907 1029 ab
1959 985 2039 1029 ea
2091 968 2535 1049 percipiamus
2595 954 2990 1047 fruitionem,

583 1076 819 1152 utpote
866 1068 1019 1131 iusti
1070 1076 1139 1131 et
1185 1068 1301 1151 qui
1349 1088 1549 1151 opere
1602 1069 1749 1150 ipso
1796 1067 1962 1150 legis
2010 1068 2508 1152 impleuerimus
2555 1073 2845 1137 decreta.
2933 1073 2990 1137 si

582 1188 741 1233 uero
800 1168 1286 1252 neglegendam
1347 1169 1955 1233 existimauerimus
2015 1190 2160 1234 esse
2218 1170 2384 1254 legis
2443 1174 2835 1248 custodiam,
2890 1173 2991 1238 in-

579 1274 785 1338 dubie
832 1274 1100 1338 diuinae
1138 1272 1540 1338 subiciemur
1582 1274 1970 1339 sententiae.
2057 1275 2370 1339 dicebant
2415 1285 2641 1340 autem
2687 1287 2755 1342 et
2799 1299 2992 1360 apos-

579 1378 758 1443 tolos
785 1396 1017 1442 omnes
1040 1377 1152 1460 qui
1185 1376 1446 1441 fuerant
1475 1393 1627 1440 cum
1664 1376 1931 1442 Christo
1962 1376 2392 1443 uehementer
2420 1378 2584 1463 legis
2616 1382 2987 1445 custodiam

479 1500 733 1550 locum
786 1480 970 1545 omni
1022 1500 1287 1544 seruare
1346 1478 1717 1563 diligentia.
1807 1480 1974 1545 haec
2033 1489 2259 1545 autem
2320 1482 2633 1547 dicebant
2692 1491 2768 1548 ut
2827 1483 2991 1565 legis

580 1582 854 1668 quidem
890 1583 1358 1647 auctoritatem
1397 1583 1579 1647 omni
1621 1585 1867 1648 uirtute
1907 1594 2242 1667 augerent,
2284 1584 2563 1668 gloriam
2601 1607 2760 1651 uero
2802 1587 2988 1651 Pauli

582 1686 800 1750 modis
859 1686 1169 1750 omnibus
1229 1683 1618 1765 abolerent3
1687 1686 2088 1769 derogantes
2154 1688 2295 1750 eius
2353 1688 2695 1753 doctrinae
2752 1710 2833 1754 ac
2890 1690 2989 1754 di·
3242 1762 3243 1767 ἵ

580 1799 806 1855 centes
866 1790 1183 1872 quoniam
1245 1795 1414 1853 ‘non
1467 1809 1623 1853 uere
1675 1789 1912 1854 similis
1962 1789 2071 1854 hic
2123 1790 2358 1854 ceteris
2416 1793 2757 1875 apostolis,
2867 1813 2989 1857 nec

580 1893 758 1957 enim
819 1902 921 1956 est
980 1892 1081 1956 fas
1140 1898 1216 1955 ut
1274 1899 1502 1956 tantos
1576 1891 2041 1975 relinquenteS,
2105 1893 2212 1957 isti
2284 1894 2397 1958 uni
2459 1905 2527 1960 et
2584 1897 2711 1960 soli
2771 1897 2987 1961 uelitis

478 2018 548 2085 15
581 1994 960 2061 intendere.'
1070 1994 1432 2058 adicientes
1491 1994 1697 2058 etiarn
1758 1994 2073 2061 dicebant
2130 1997 2289 2079 quia
2340 1997 2471 2061 ‘illi
2531 1999 2803 2082 quidem
2857 2001 2989 2064 dis-

579 2098 779 2181 cipuli
828 2097 1093 2161 fuerunt
1139 2095 1403 2173 Christi,
1451 2103 1522 2161 et
1564 2115 1717 2161 cum
1767 2116 1849 2159 eo
1894 2117 2014 2180 per
2059 2116 2259 2160 omne
2303 2106 2571 2180 tempus
2616 2104 2989 2166 conuersati

579 2209 753 2274 sunt,
786 2207 856 2264 et
893 2200 982 2263 ab
1027 2220 1107 2262 eo
1152 2200 1335 2263 omni
1379 2199 1775 2282 dogmatum
1821 2199 2332 2282 scrupulositate
2371 2209 2529 2264 sunt
2573 2203 2833 2281 edocti;
2881 2204 2988 2270 hic

579 2324 737 2367 uero
769 2303 946 2366 idem
981 2301 1227 2366 Paulus
1270 2301 1607 2366 Christum
1655 2322 1779 2365 nec
1829 2302 2054 2365 uidere
2095 2322 2216 2365 nec
2258 2304 2347 2366 ab
2395 2324 2476 2367 eo
2522 2304 2776 2367 discere
2805 2306 2986 2387 quic-

578 2424 782 2487 quam
830 2405 1070 2488 potuit,
1102 2404 1218 2468 sed
1265 2403 1506 2468 horum
1548 2405 1844 2487 ipsorum
1894 2404 2018 2469 fuit
2067 2404 2448 2489 discipulus,
2536 2427 2578 2470 a
2623 2427 2758 2489 quo
2806 2406 2983 2469 enim

470 2529 554 2577 20
579 2506 787 2571 altero
839 2507 1059 2589 potuit
1110 2508 1365 2571 discere
1417 2508 1787 2585 ueritatem,
1837 2517 2195 2591 postquam
2252 2508 2554 2574 Christus
2605 2509 2674 2572 in
2727 2508 2983 2572 caelum
3242 2476 3243 2553 l

575 2611 922 2676 ascendit?
990 2606 1216 2694 itaque
1271 2611 1490 2675 modis
1532 2612 1846 2676 omnibus
1894 2612 2210 2677 conuenit
2262 2634 2397 2677 non
2438 2612 2592 2677 huic
2643 2612 2987 2677 intendere
3241 2570 3243 2678 l

574 2715 737 2780 talia
789 2716 1074 2792 docenti,
1124 2717 1243 2780 sed
1285 2717 1521 2780 ceteris
1569 2717 1911 2800 apostoliS,
1941 2718 2121 2800 apud
2162 2738 2331 2800 quos
2370 2718 2581 2782 multa
2611 2717 2987 2783 sollicitudo
3242 2715 3243 2772 l

574 2838 734 2901 erga
782 2819 947 2902 legis
988 2818 1483 2883 obseruantiam
1540 2839 1685 2882 esse
1732 2818 2098 2882 inuenitur.’
2183 2818 2287 2882 his
2319 2819 2732 2883 sermonibus
2763 2840 2987 2883 suase·
3034 2877 3039 2882 .

574 2928 726 2984 runt
776 2918 1036 2984 Galatis
1084 2921 1208 3004 qui·
1248 2941 1336 2984 ex
1383 2920 1696 3002 gentibus
1749 2919 2015 2985 Christo
2055 2921 2491 2994 crediderant,
2523 2922 2840 2986 docentes
2871 2941 2986 2985 eos

464 3048 502 3095 2
509 3045 541 3112 5
573 3025 686 3107 qui
718 3042 759 3088 a
789 3025 994 3089 beato
1028 3025 1238 3088 Paulo
1269 3024 1608 3107 baptisma
1632 3033 2067 3107 perceperant
2098 3032 2167 3089 et
2196 3025 2490 3088 diuersas
2522 3025 2768 3108 gratias
2799 3024 2986 3107 spiri-

573 3126 740 3191 tales
771 3127 1032 3192 fuerant
1070 3127 1368 3192 adsecuti
1401 3135 1475 3191 ut
1507 3126 1849 3209 legitimae
1878 3126 2331 3190 obseruationi
2361 3127 2886 3204 succumberent,
2918 3127 2986 3190 in

569 3236 836 3294 tantum
897 3239 971 3293 ut
1032 3241 1100 3295 et
1161 3231 1436 3313 quidam
1498 3250 1730 3294 eorum
1789 3230 2356 3294 circumcisionem
2418 3230 2633 3293 carnis
2690 3229 2989 3313 accipere

571 3332 1093 3413 adquieuissent.
1184 3355 1319 3415 quo
1351 3334 1530 3397 facto
1562 3333 1908 3416 apostolus
1939 3333 2024 3395 de
2054 3331 2174 3396 tali
2204 3341 2397 3415 gestu
2437 3331 2678 3413 probat
2716 3341 2791 3395 ut
2830 3351 2987 3394 con-

572 3444 846 3498 uenerat
899 3433 1163 3498 feruens
1216 3435 1684 3512 aemulatione,
1732 3435 2027 3499 scribens
2070 3435 2159 3500 ad
2214 3457 2330 3500 eos
2372 3434 2547 3498 hanc
2599 3435 2985 3517 epistolam;
3242 3511 3243 3522 2

463 3558 548 3622 30
571 3540 657 3605 ad
708 3540 936 3604 omnia
986 3559 1160 3622 quae
1213 3540 1302 3604 ab
1355 3539 1751 3604 aduersariis
1805 3540 1893 3604 de
1944 3560 2026 3603 eo
2078 3539 2261 3602 dicta
2317 3538 2577 3602 fuerant
2629 3539 2990 3622 prudenter

668 3710 696 3743 ἰ
731 3698 962 3759 poterant
1000 3693 1044 3742 C
1075 3693 1225 3753 (corr)
1260 3694 1327 3741 H
1352 3692 1436 3754 [cs.
1474 3693 1697 3753 Ronsch,
1737 3707 1862 3757 294:
1900 3692 2100 3756 Bensly,
2143 3704 2200 3755 72
2217 3706 2268 3752 n,
2308 3691 2393 3754 88]
2687 3708 2715 3755 3
2751 3692 2887 3756 leges
2915 3693 2982 3741 C·

568 3789 596 3837 5
630 3776 696 3824 ab
718 3791 780 3825 eo
803 3775 863 3824 H
1107 3775 1137 3821 8
1171 3773 1420 3838 ad·‘apost.
1446 3773 1511 3822 H
1721 3789 1740 3823 1
1756 3789 1774 3823 1
1813 3773 2106 3822 auctoritate
2129 3771 2179 3821 in
2203 3788 2249 3820 0.
2274 3788 2325 3821 u.
2351 3771 2421 3820 II
2617 3785 2674 3833 13
2708 3771 2791 3820 hic
2813 3772 2990 3822 similis

565 3859 630 3907 H
649 3858 658 3919 Ι
687 3864 783 3908 cet.
807 3861 883 3906 est
903 3871 985 3920 ap.
1021 3856 1065 3905 C
1086 3853 1232 3919 (corr)
1432 3866 1489 3917 ¹7
1523 3871 1673 3905 omne
1695 3856 1746 3905 d.
1771 3855 2135 3920 scrupolisitate
2162 3855 2233 3904 C*
2268 3871 2440 3905 omnes
2463 3854 2511 3906 d.
2540 3857 2919 3921 scrupulositate
2947 3863 2994 3911 C

566 3940 714 4000 (corr)
874 3950 933 3985 21
971 3951 1070 3986 asc.
1095 3936 1147 3984 in
1169 3952 1212 3986 c.
1243 3936 1308 3985 H
1494 3951 1555 3985 22
1592 3937 1693 3986 alia
1713 3937 1826 3985 doc.
1851 3937 1917 3985 H
1935 3934 1944 4000 1
1973 3944 2024 3986 et
2049 3933 2164 4000 (sor
2182 3933 2288 3999 sed)
2314 3937 2381 3986 H
2548 3951 2608 3998 24
2642 3938 2878 3989 docentes
2902 3955 2989 3990 eos

562 4019 713 4069 beato
736 4020 793 4069 P.
818 4018 904 4083 qui
928 4026 977 4069 et
1000 4019 1136 4081 bapt.
1168 4032 1298 4081 perc.
1330 4015 1398 4067 C·
1490 4017 1806 4067 detrahentes
1838 4017 1887 4067 b.
1931 4018 1987 4066 P.
2027 4016 2112 4080 qui
2147 4024 2197 4066 et
2231 4017 2370 4082 bapt.
2403 4017 2469 4065 ab
2499 4032 2560 4066 eo
2594 4033 2724 4081 perc.
2760 4019 2803 4068 C
2836 4021 2986 4080 (τονν)

567 4099 628 4150 26
650 4100 997 4151 obseruatione
1026 4098 1095 4150 C*
1297 4099 1359 4147 28
1387 4099 1728 4163 adquiuissent
1755 4099 1799 4148 C
1818 4098 1887 4148 H
1898 4096 1907 4161 Ι
1936 4097 2149 4162 probata
2177 4098 2221 4147 C
2402 4112 2464 4162 29
2498 4099 2669 4148 scribit
2695 4099 2740 4148 C

627 4254 707 4289 αι.
753 4241 1002 4290 intendere
1025 4240 1150 4289 talia
1174 4240 1378 4302 docenti]
1433 4239 1531 4290 See
1554 4256 1634 4290 vv,
1667 4238 1719 4289 11.
1893 4254 1921 4287 2
1929 4253 1971 4301 3.
2044 4237 2181 4300 erga]
2215 4237 2299 4288 On
2335 4237 2419 4287 the
2453 4253 2539 4287 use
2570 4236 2628 4286 of
2655 4253 2768 4300 erga
2801 4237 2852 4286 in
2887 4237 2989 4288 this

561 4319 674 4370 The
697 4321 902 4384 reading
924 4320 982 4368 of
998 4321 1068 4380 Is,
1098 4318 1141 4368 is
1166 4320 1395 4383 genuine,
1424 4335 1537 4382 may
1561 4334 1725 4383 repre·
1826 4317 2136 4374 translation,
2160 4334 2243 4367 see
2276 4318 2360 4367 the
2395 4334 2515 4367 neue
2542 4320 2868 4382 Jahrbiicher
2882 4321 2992 4383 fiir

561 4409 671 4451 sent
689 4402 774 4451 the
796 4410 925 4467 part.
946 4402 1004 4451 os
1029 4402 1471 4463 ἑτεροδιδασκαλεῖν
1493 4402 1725 4464 [=alitcr
1825 4400 2006 4452 philol.
2034 4418 2085 4450 u.
2111 4402 2321 4466 Pddag„
2353 4403 2492 4467 1874,
2523 4418 2608 4468 pp.
2634 4402 2905 4468 849—856.

559 4484 719 4532 doccre
745 4499 761 4531 ι
793 4483 923 4531 Tim.
957 4484 987 4532 i.
1024 4497 1065 4544 3,
1095 4483 1157 4531 vi.
1197 4481 1262 4544 3]-
