3293 5233
369 392 497 458 111.
529 411 589 477 9,
630 394 747 481 1o.]

366 582 529 646 mihi
582 604 672 648 ex
724 584 871 668 lege
912 605 1188 669 peccare
1229 595 1332 651 est
1376 606 1579 669 quam
1623 588 1855 672 dirigi?

1070 408 1153 460 IN
1203 410 1310 462 ΕΡ.
1357 410 1461 463 AD
1509 411 2056 467 PHILIPPENSES.

2650 417 2779 486 237

1946 599 2015 654 et
2054 590 2469 656 manifestius
2515 589 2779 668 sacienS,

368 704 542 765 quae
593 687 681 750 sit
742 687 855 751 illa
912 709 1001 751 ex
1055 688 1207 752 Deo
1262 688 1530 768 iustitia,
1583 711 1758 774 quae
1806 713 1926 775 per
1983 692 2168 757 illam
2232 692 2432 757 fidem
2484 714 2660 777 quae
2714 693 2780 757 in

370 785 634 851 Christo
665 798 766 852 est
797 788 1206 873 adquiritur:

500 946 572 1009 in
585 946 794 1029 fidem
826 959 901 1013 ut
926 970 1287 1032 cognoscam
1318 970 1463 1013 eum
1492 960 1557 1014 et
1582 951 1895 1016 uirtutem
1926 952 2410 1018 resurrectionis
2435 951 2589 1019 eius.

500 1101 634 1144 non
678 1084 855 1148 dixit
885 1089 901 1117 ‘
924 1086 1465 1149 resurrectionem
1487 1086 1502 1112 '
1532 1086 1653 1150 sed
1685 1086 1997 1151 uirtutem
2031 1087 2524 1152 resurrectionis.
2613 1104 2784 1168 quae
2858 1099 2891 1167 5

370 1192 474 1247 est
524 1197 750 1251 autem
803 1190 1296 1253 resurrectionis
1350 1191 1490 1253 eius
1550 1190 1812 1253 uirtus?

1923 1190 2242 1271 quoniam
2294 1211 2416 1273 pro
2476 1190 2786 1254 omnibus

371 1285 548 1351 sacta
620 1300 723 1354 est
792 1300 869 1355 ut
931 1301 1001 1354 et
1057 1311 1291 1354 omnes
1351 1290 1635 1354 similem
1698 1290 2155 1374 adsequantur
2225 1294 2784 1356 resurrectionem.

370 1394 386 1422 ‘
406 1391 683 1455 credens
715 1394 892 1456 enim
920 1393 1187 1458 Christo
1209 1393 1410 1457 credo
1436 1395 1639 1457 etiam
1674 1403 1742 1458 et
1775 1394 2088 1457 uirtutem
2116 1395 2613 1458 resurrectionis
2644 1395 2785 1458 eius

370 1510 789 1574 cognoscere,
821 1494 946 1558 hoc
992 1506 1109 1572 est,
1144 1496 1423 1578 adsequi
1464 1497 2054 1572 resurrectionem3
2103 1497 2169 1558 in
2215 1517 2350 1578 qua
2394 1498 2668 1561 effectus
2715 1498 2782 1560 in

373 1597 709 1661 inmortali
757 1609 827 1662 et
867 1599 1232 1681 inpassibili
1279 1608 1517 1663 natura
1561 1599 1649 1661 ab
1693 1599 1876 1661 omni
1923 1608 2201 1680 peccato
2241 1597 2406 1662 liber
2445 1620 2572 1674 ero,
2614 1599 2784 1663 ultra
2820 1621 2900 1670 ιο

1217 1723 1339 1765 nec
1385 1702 1563 1766 enim
1606 1710 1802 1765 erunt
1846 1709 2296 1763 consentanea
2341 1701 2538 1764 simul
2580 1704 2784 1766 etiam

374 1721 508 1763 non
547 1702 851 1784 indigens
891 1701 1127 1787 legem.

373 1812 442 1865 et
484 1802 763 1867 affectus
804 1805 945 1868 eius
981 1825 1183 1887 quam
1216 1824 1373 1887 erga
1405 1803 1621 1885 legem
1655 1823 1807 1866 cum
1841 1802 2067 1867 labore
2098 1811 2168 1866 et
2197 1804 2439 1867 sudore
2471 1805 2784 1868 uirtutem

373 1924 523 1967 sum
568 1906 954 1982 directurus,
993 1908 1111 1970 sed
1158 1906 1388 1969 diuina
1430 1906 1649 1989 gratia
1693 1904 2079 1969 custodibor
2121 1905 2191 1967 in
2238 1906 2448 1983 bonis,
2478 1926 2560 1970 eo
2603 1905 2785 1988 quod

372 2016 534 2071 tunc
579 2028 701 2072 nec
742 2029 1016 2091 peccare
1053 2007 1227 2073 ultra
1267 2006 1539 2092 potero‚'

471 2229 518 2273 4,
548 2224 574 2274 5
611 2210 973 2261 tesam—uin.
1000 2227 1078 2260 om
1107 2212 1151 2261 C
1170 2211 1290 2275 [per
1308 2210 1606 2274 boumont]

712 2307 765 2342 ιι
802 2292 914 2358 lege
940 2291 1413 2358 c(corr)r1erant
1439 2294 1569 2344 CH

372 2291 493 2341 talia
515 2309 547 2341 r

373 2480 642 2543 νόμος...τῇ
677 2483 973 2546 κατορθώσει
1011 2483 1097 2542 τῆς
1137 2482 1309 2545 ἀρετῆς
1349 2479 1535 2533 droul-‘w

370 2566 610 2628 ἐφαίνετο.

439 2668 484 2711 4.
558 2649 781 2714 infidem
804 2655 863 2697 ut
883 2649 1179 2712 cognoscam]
1249 2650 1335 2709 So,
1365 2648 1402 2699 it
1437 2664 1532 2698 can

371 2730 551 2793 hardly
573 2730 638 2780 be
661 2730 900 2788 doubted,
936 2745 1012 2779 we
1046 2731 1203 2792 ought
1238 2738 1290 2778 to
1323 2745 1532 2792 arrange

373 2810 459 2860 the
480 2810 678 2869 words;
710 2825 876 2874 comp.
905 2810 991 2858 the
1017 2825 1199 2858 comm.
1232 2810 1337 2871 just
1368 2809 1534 2859 below

374 2891 627 2951 (“credo
656 2891 808 2940 etiam
832 2899 880 2941 et
905 2892 1140 2940 virtutem
1164 2891 1533 2940 resurrectionis

373 2972 480 3021 eius
495 2971 938 3034 cognoscere”).
989 2973 1049 3020 In
1069 2972 1168 3021 this
1185 2979 1532 3036 arrangement

373 3054 472 3103 Th.
508 3053 702 3102 follows
748 3054 927 3116 Chrys.
975 3052 1082 3115 (ἄρα,
1127 3054 1206 3101 διὰ
1249 3055 1456 3102 πίστεως
1500 3052 1534 3111 ὴ

371 3135 586 3196 γνῶσις),
616 3133 715 3183 and
740 3134 781 3183 is
810 3133 1045 3182 followed
1068 3133 1121 3181 in
1144 3140 1257 3181 turn
1285 3133 1351 3194 by
1375 3131 1530 3180 Thdt.

374 3217 515 3279 (Qvi
546 3212 608 3275 τῇ
642 3215 807 3264 πίστει
836 3217 922 3262 τοῦ
947 3216 1127 3275 γνῶναι
1160 3214 1305 3262 αὐτόν
1323 3212 1534 3264 ’...ὥστο

372 3300 554 3359 γνῶναι
577 3297 655 3345 διὰ
676 3297 761 3355 τῆς
786 3297 992 3344 πίστεως
1015 3298 1104 3354 ὅτι,
1134 3296 1275 3345 tar-R.

442 3394 485 3441 5.
569 3395 694 3442 quae
729 3383 797 3425 est
833 3382 995 3424 autem
1041 3392 1131 3424 res.
1170 3376 1275 3424 eius
1306 3373 1532 3435 m‘rtusf]

373 3458 549 3508 Thdt.:
596 3460 687 3517 τὴν
727 3459 826 3519 γὰρ
870 3457 1064 3514 δύναμιν
1099 3455 1186 3514 τῆς
1222 3453 1532 3504 ἀναστάσεως

374 3541 522 3589 αὐτοῦ
552 3541 637 3587 τὸν
668 3538 889 3587 σκοπὸν
920 3536 1005 3596 τῆς
1026 3535 1336 3586 ἀναστάσεως
1359 3537 1531 3596 κέκλη-

372 3638 468 3670 κεν.
552 3620 830 3670 lanfranc:
872 3620 1148 3668 “Ambros.
1197 3618 1533 3667 Resurrectio·

372 3704 450 3753 nis
476 3703 581 3753 eius
613 3703 769 3752 uirtus
803 3710 877 3751 est
910 3710 964 3751 ut
997 3715 1173 3750 omnes
1205 3707 1531 3765 assequantur

372 3786 586 3835 similem
609 3783 1067 3835 resurrectionem.”

438 3883 483 3934 9.
556 3883 841 3931 cognoscere,
878 3866 925 3915 h.
957 3882 1016 3925 e.,
1051 3866 1277 3929 adsequi]
1343 3866 1524 3928 Comp.

371 3966 424 4014 p.
449 3949 553 4010 161,
582 3951 616 3997 1.
641 3965 698 4011 14
723 3950 799 4008 (τὸ
821 3950 1002 4009 γνῶναι
1025 3948 1131 3995 ἀντὶ
1154 3949 1240 3996 τοῦ
1255 3945 1531 3994 ἀπολαῦσαι

375 4030 549 4091 λέγει).

444 4125 519 4160 ιο.
589 4109 727 4157 ultra
751 4123 853 4156 non
883 4108 1107 4169 indigens
1138 4106 1304 4171 legem]
1357 4106 1453 4155 See
1474 4121 1524 4169 p.

373 4191 422 4247 8,
468 4191 519 4241 11.
568 4203 762 4251 5—153
814 4191 913 4239 and
961 4189 1046 4239 the
1091 4188 1212 4253 long
1255 4187 1532 4238 discussion

372 4271 537 4321 which
581 4271 680 4319 Th.
718 4268 876 4334 grafts
919 4285 1058 4334 upon
1097 4269 1213 4319 Gal.
1253 4269 1303 4319 ii.
1348 4281 1425 4330 15,
1472 4266 1532 4318 16

376 4351 480 4417 (ΡΡ-
507 4367 569 4414 24
591 4351 712 4415 sq.).

444 4449 519 4484 ιι.
585 4449 670 4482 nec
709 4431 844 4482 enim
887 4431 997 4490 erit,
1041 4430 1158 4492 δια]
1233 4431 1312 4480 Dr
1354 4428 1530 4494 Jacobi

373 4522 662 4565 annotates:
753 4515 791 4540 “
806 4514 960 4564 uerba
1033 4529 1293 4577 perperam
1366 4526 1524 4571 uersa,

1812 2222 1840 2274 7
1862 2217 1924 2261 et
1946 2217 2000 2261 ut
2023 2226 2159 2260 omn.
2183 2211 2253 2260 H
2263 2227 2296 2259 r
2495 2224 2554 2262 ιο
2587 2208 2788 2260 immor·

1740 2308 1795 2345 12
1831 2301 1883 2343 et
1905 2292 2129 2358 (besaff.)
2152 2309 2230 2343 om
2254 2293 2324 2343 H

1629 2490 1780 2532 aucto
1794 2499 1885 2548 per
1896 2482 2084 2532 scribas
2097 2498 2277 2532 errore.
2326 2482 2622 2533 Theodorus
2636 2481 2789 2548 scrip·

1629 2566 1695 2614 sit
1713 2566 1863 2625 τάθη,
1887 2581 1980 2630 pro
2003 2581 2104 2630 quo
2126 2574 2295 2614 noster
2314 2564 2531 2629 affectus,
2555 2558 2791 2615 adiectiui

1628 2653 1950 2695 consentanea
1970 2660 2126 2709 genus
2148 2661 2251 2695 non
2267 2655 2481 2695 mutans.
2534 2645 2633 2695 Pro
2648 2653 2795 2696 erant

1629 2727 1727 2791 leg.
1752 2736 1963 2786 erunt;
1999 2743 2090 2790 pro
2107 2743 2264 2791 quern,
2286 2726 2590 2791 quoniam.
2623 2727 2792 2778 Theo·

1630 2808 1785 2856 dorus
1808 2808 1939 2856 enim
1964 2807 2089 2856 haec
2118 2823 2366 2871 exponere
2399 2808 2536 2857 uult:
2573 2809 2659 2857 Ad
2692 2817 2792 2858 sta·

1631 2895 1738 2938 tum
1763 2888 2152 2938 immortalitatis
2173 2898 2224 2937 et
2252 2889 2669 2939 immutabilitatis
2699 2906 2792 2939 nos

1630 2978 1899 3034 prouectos
1923 2985 2014 3018 nec
2036 2970 2297 3019 affectibus
2326 2970 2669 3029 stimulandos,
2697 2987 2791 3022 nec

1628 3051 1684 3101 in
1712 3052 1998 3101 exercendis
2029 3051 2294 3100 uirtutibus
2324 3051 2635 3101 laboraturos
2663 3067 2788 3111 esse,

1629 3134 1718 3183 sed
1744 3133 1915 3181 diuino
1937 3132 2187 3181 adiutorio
2220 3132 2326 3182 sore
2355 3139 2410 3181 ut
2434 3132 2602 3181 omnia
2624 3133 2791 3196 quiete

1630 3224 1682 3266 et
1705 3214 1916 3264 faciliter
1937 3230 1968 3263 a
1990 3214 2137 3263 nobis
2161 3211 2337 3263 fiant.”
2404 3214 2502 3262 But
2523 3214 2723 3277 affectus
2748 3215 2791 3264 is

1631 3312 1770 3345 more
1793 3293 2037 3359 probably
2056 3291 2264 3343 διάθεσις
2286 3294 2390 3354 [see
2405 3293 2589 3349 below.
2606 3308 2658 3357 p.
2676 3309 2790 3356 240,

1631 3376 1667 3424 1.
1699 3377 1792 3439 151,
1826 3376 1927 3424 and
1961 3375 2048 3424 the
2080 3373 2290 3438 original
2325 3389 2440 3437 may
2472 3374 2601 3423 bave
2633 3374 2791 3424 been:

1630 3460 1687 3507 οὐ
1728 3459 1827 3520 γὰρ
1866 3459 2121 3517 σύμφωνος
2163 3458 2303 3504 ἔσται
2348 3455 2437 3517 [sc.
2473 3452 2538 3517 τῇ
2564 3454 2792 3519 ἀθανάτῳ

1630 3539 1798 3601 φύσει]
1839 3536 1864 3587 ὅ
1903 3539 2040 3598 νόμος
2077 3536 2111 3597 ἥ
2152 3555 2208 3587 τε
2248 3536 2459 3589 διάθεσις
2499 3540 2587 3598 τῆς
2622 3536 2791 3601 ἀρετῆς

1629 3620 1805 3677 ἐκείνης
1848 3615 1910 3676 ἥν
1956 3615 2076 3667 κατὰ
2122 3618 2285 3676 νόμον,
2333 3621 2481 3668 κ.τ.λ.
2549 3620 2656 3669 Lex
2697 3619 2790 3670 has

1630 3700 1759 3749 been
1792 3699 2002 3749 omitted
2035 3699 2253 3764 perhaps
2286 3701 2352 3764 by
2386 3701 2471 3750 the
2504 3702 2784 3763 translator,

1629 3779 1845 3845 perhaps
1877 3781 1944 3844 by
1977 3796 2008 3829 a
2039 3781 2228 3840 scribe3
2271 3782 2377 3830 eius
2408 3783 2789 3846 quam...uirtu·

1628 3861 1894 3908 tem=cius
1927 3861 2137 3909 uirtutis
2167 3878 2336 3924 quam.
2414 3861 2525 3910 The
2559 3870 2791 3913 sentence

1628 3940 1734 3988 will
1773 3940 1887 3989 thus
1921 3955 2099 3989 meant
2157 3944 2279 3990 ‘our
2317 3941 2791 3993 resurrection-state

1629 4019 1736 4067 will
1762 4027 1850 4069 not
1879 4019 2165 4071 harmonize
2189 4020 2309 4070 with
2342 4021 2427 4070 the
2453 4023 2603 4072 mode
2633 4022 2691 4071 os
2717 4032 2791 4073 at-

1630 4102 1826 4166 taining
1860 4109 1912 4151 to
1947 4103 2105 4152 virtue
2133 4102 2414 4166 prescribed
2451 4103 2520 4166 by
2557 4104 2641 4153 the
2677 4104 2791 4161 law,

1629 4184 1797 4233 which
1834 4183 2058 4233 involves
2104 4184 2193 4232 toil
2239 4183 2339 4232 and
2383 4183 2794 4249 labour—-things

1629 4266 1890 4317 unknown
1913 4276 1966 4315 to
1990 4266 2241 4315 immortal
2264 4265 2500 4315 natures.'

1701 4362 1778 4411 13.
1821 4345 2111 4406 custodibor]
2194 4343 2275 4394 Cf.
2305 4344 2526 4404 Ronsch,
2555 4346 2709 4406 Itala,
2738 4361 2790 4410 p.

1632 4445 1745 4498 291.
