3293 5233
573 406 656 468 88
1235 416 1688 468 Timononus
1737 416 2320 467 MOPSUESTENUS
2788 400 2889 485 [V.
2923 418 2984 477 4.

572 589 887 670 quoniam
929 582 1339 654 circumcisio
1368 588 1698 654 confessio
1728 599 1829 654 est
1862 589 2026 673 legis
2057 590 2443 653 seruandae.
2519 588 2723 653 debet
2753 595 2980 651 autem

554 692 629 753 ‚is
687 691 799 774 qui
861 691 1228 768 confitetur,
1283 701 1518 775 pactus
1576 694 1678 756 sui
1732 693 2008 775 implere
2059 693 2530 766 conditionem.
2628 692 2682 754 si
2754 700 2980 755 autem

572 790 699 881 boc
737 793 1056 875 possibile
1109 793 1196 857 sit
1243 794 1452 873 uobis,
1497 814 1617 858 uos
1656 794 1989 858 uideritiS.’
2069 796 2385 878 quoniam
2428 792 2815 877 inpossibile
2860 800 2981 867 est,

573 916 654 959 eo
685 895 864 979 quod
898 905 964 959 et
1002 898 1213 960 multa
1246 898 1441 961 nimis
1489 899 2050 981 praeuaricabant‚
2093 910 2161 963 et
2204 900 2327 983 ipsi
2370 899 2739 982 perspicere
2791 907 2981 980 pote-

511 1008 722 1078 stant
775 998 968 1063 facile
1021 1010 1089 1064 et
1138 1002 1367 1064 statim
1417 1011 1573 1064 ante
1619 1002 1863 1077 omnia,
1915 1023 1996 1065 eo
2048 1002 2228 1084 quod
2283 1011 2713 1084 praeceptum
2765 1001 2981 1064 fuerat

577 1094 735 1165 nihil
769 1088 1031 1166 illorum
1063 1125 1235 1186 quae
1255 1088 1356 1167 uad
1395 1104 1716 1168 honorem
1756 1098 2087 1188 pertinent
2124 1106 2493 1168 diuinitatis
2535 1105 2694 1168 alibi
2736 1103 2980 1168 debere

575 1210 852 1291 implere
896 1219 1158 1291 praeter
1201 1193 1265 1271 in
1310 1208 1528 1273 locum
1577 1210 2021 1273 Hierusalem.
2066 1218 2181 1273 aut
2222 1210 2399 1273 enim
2439 1230 2570 1271 non
2610 1207 2982 1290 implebant

575 1312 738 1374 illud
772 1312 950 1395 quod
976 1313 1408 1375 constitutum
1432 1322 1589 1388 erat,
1627 1322 1743 1375 aut
1763 1313 2117 1395 implentes
2141 1311 2703 1394 praeuaricabant.
2759 1311 2979 1392 posuit

575 1402 800 1478 autem
851 1414 1033 1491 illud,
1082 1414 1278 1477 ualde
1343 1416 1766 1497 perspicuum
1814 1417 2112 1480 existens
2171 1415 2238 1478 in
2301 1415 2405 1478 his
2459 1414 2756 1477 maxime
2808 1433 2980 1494 quae

477 1531 551 1577 10
577 1527 1074 1599 praeuenerant,
1133 1518 1187 1581 si
1245 1526 1472 1580 tamen
1527 1519 1893 1581 circumcisi
1950 1520 2040 1582 ab
2092 1519 2223 1582 illis
2284 1516 2756 1583 donationibus
2808 1537 2979 1599 quae

575 1630 763 1684 erant
809 1641 849 1684 a
910 1621 1176 1686 Christo
1249 1622 1552 1684 extranei
1612 1621 2222 1698 constituebantur3
2291 1629 2357 1684 et
2411 1642 2453 1683 a
2520 1619 2669 1703 lege
2723 1617 2977 1682 nullum

575 1725 884 1787 iuuamen
926 1724 1201 1807 adsequi
1252 1733 1577 1807 poterant,
1620 1747 1701 1788 eo
1749 1726 1931 1807 quod
1969 1747 2092 1790 nec
2132 1725 2541 1789 custodirent
2589 1723 2772 1787 illam
2810 1724 2979 1786 sicut

573 1828 1033 1892 conueniebat.
1108 1828 1352 1891 deinde
1384 1838 1451 1891 et
1483 1829 1667 1891 aliud
1700 1829 1940 1892 adicit:

699 1994 1009 2057 destructi
1032 1995 1187 2057 estis
1212 2016 1255 2057 a
1292 1994 1564 2071 Christe,
1595 1995 1713 2077 qui
1741 1995 1811 2058 in
1843 1995 1973 2078 lege
2003 1994 2472 2079 iustfficamini.

471 2161 538 2225 15
702 2146 923 2209 ‘nulla
971 2147 1162 2209 uobis
1209 2156 1310 2209 est
1356 2166 1508 2210 cum
1563 2147 1829 2212 Christo
1862 2148 2037 2211 ultra
2079 2150 2479 2222 communiO,
2531 2149 2644 2231 qui
2696 2169 2785 2211 ex
2833 2149 2977 2229 lege

573 2248 1032 2310 iustificamini.
1121 2249 1348 2329 itaque
1398 2257 1469 2311 et
1515 2247 1662 2330 ipsa
1710 2249 2052 2312 simulatio
2092 2270 2226 2331 qua
2267 2269 2385 2312 uos
2423 2249 2691 2311 credere
2725 2249 2788 2309 in
2822 2269 2974 2310 eum

570 2351 947 2433 confingitis
987 2351 1323 2433 superflua
1368 2371 1513 2414 esse
1557 2352 1910 2428 inuenitur,
1959 2360 2027 2415 et
2070 2352 2327 2414 nullum
2372 2350 2579 2415 habet
2625 2351 2974 2413 iuuamen.’

568 2465 633 2517 et
666 2455 1027 2517 ostendens
1059 2452 1184 2515 hoc
1217 2474 1305 2516 ex
1341 2453 1502 2535 ipsis
1533 2453 1732 2518 rebus
1765 2454 1860 2517 ita
1889 2474 1964 2517 se
1993 2453 2282 2518 habere:

701 2648 745 2688 a
765 2625 997 2707 gratia
1026 2624 1368 2688 excz‘dz'stzk.

459 2775 542 2820 20
696 2766 847 2830 ‘illa
878 2787 1050 2849 quae
1094 2787 1135 2829 a
1183 2766 1451 2831 Christo
1496 2775 1672 2842 sunt,
1703 2766 1958 2849 gratiae
2003 2774 2175 2830 sunt,
2267 2762 2380 2828 lex
2421 2772 2647 2828 autem
2695 2783 2830 2828 non
2876 2771 2976 2827 est

563 2870 800 2952 gratia.
892 2890 1065 2951 quae
1098 2890 1255 2952 ergo
1288 2869 1480 2931 nobis
1513 2870 1636 2931 erit
1670 2889 1821 2932 cum
1854 2869 2252 2933 aduersariis
2284 2868 2670 2932 communio
2693 2867 2715 2931 ?
2736 2866 2751 2893 '

697 2972 1026 3046 mirabilis·
1079 2993 1238 3036 uero
1298 2993 1418 3054 per
1477 2974 1706 3037 omnia
1752 2973 2016 3037 uidetur
2066 2972 2431 3056 apostoluS‚
2485 2980 2553 3036 et
2606 2970 2976 3053 frequentia

565 3098 877 3142 sensuum
924 3087 1025 3141 est
1070 3078 1232 3141 talis'
1269 3077 1484 3159 qualis
1530 3076 1734 3142 habet
1768 3076 1906 3141 fieri
1961 3097 2001 3140 a
2046 3077 2190 3140 uiro
2236 3077 2300 3140 in
2350 3075 2586 3139 mediis
2619 3075 2977 3139 constricto

566 3183 1071 3246 necessitatibus
1103 3192 1169 3246 et
1202 3183 1266 3245 ui
1303 3183 1524 3264 legum
1569 3180 1857 3262 impulso
1889 3189 1954 3244 et
1997 3181 2399 3244 contestanti
2431 3200 2631 3262 super
2666 3178 2770 3242 his
2802 3200 2977 3262 quae

458 3290 532 3356 25
565 3286 691 3349 sibi
746 3285 932 3360 fiunt,
985 3288 1076 3348 ita
1127 3294 1200 3347 ut
1253 3285 1321 3347 in
1363 3294 1666 3366 tempore
1711 3304 1865 3346 suas
1911 3284 2121 3368 possit
2178 3283 2423 3365 exequi
2478 3282 2766 3346 iustitias
2819 3291 2975 3344 ante

668 3473 684 3505 1
702 3474 719 3506 1
758 3457 949 3505 nullum
973 3472 1050 3504 om
1075 3456 1140 3503 H
1283 3468 1336 3515 17
1371 3455 1623 3504 confiditis
1645 3456 1713 3503 H
1835 3471 1896 3518 23
1932 3463 1980 3503 et
2006 3453 2117 3518 (fhr
2137 3453 2229 3517 est)
2261 3454 2303 3503 C
2323 3451 2418 3515 H{
2445 3460 2496 3502 at
2521 3468 2638 3502 uero
2662 3453 2776 3516 (χόν
2794 3469 2824 3500 a
2848 3452 2974 3510 uiro)

569 3541 611 3587 C
633 3541 698 3588 H
932 3551 992 3600 24
1026 3543 1389 3586 contestantem
1434 3538 1475 3585 C
1497 3537 1562 3584 ll

1821 3697 1941 3761 freq.
1971 3713 2099 3746 sens.
2124 3696 2237 3745 talis
2259 3694 2419 3759 qualis
2441 3696 2564 3744 solet
2590 3695 2694 3744 fieri
2719 3696 2769 3745 in
2801 3697 2979 3746 mediis

1821 3787 2001 3826 constr.
2039 3777 2413 3826 necessitatibus
2509 3784 2625 3824 ante
2660 3775 2781 3832 iud„
2807 3777 2911 3841 ipse
2935 3778 2975 3826 si

1823 3861 2074 3908 uindicare
2097 3861 2236 3907 uerit.
2266 3866 2420 3923 temp.
2446 3859 2737 3907 inuenerit.”
2801 3860 2825 3907 Ι
2848 3859 2978 3910 have

632 3713 675 3763 7.
741 3698 958 3761 praeter]
984 3719 1032 3737 =
1059 3705 1434 3761 praeterquam:
1486 3713 1569 3748 see
1605 3698 1719 3746 Hil-

565 3780 805 3839 debrand‚
836 3779 989 3842 Apul.
1017 3779 1049 3826 i.
1080 3781 1153 3842 78.

629 3877 714 3911 Μ.
766 3863 950 3926 etfreq.
979 3877 1224 3920 sensuum,
1248 3862 1363 3923 Sto]
1420 3862 1555 3910 Pitra
1580 3862 1721 3911 reads

567 3945 665 3994 this
697 3959 906 4009 passage
939 3959 993 3991 as
1028 3943 1257 3991 follows:
1299 3944 1398 3992 “et
1422 3943 1544 4006 freq.
1569 3959 1721 4000 sens,

566 4034 616 4075 et
659 4025 772 4075 talis
816 4024 976 4089 qualis
1010 4023 1161 4072 habet
1202 4023 1322 4073 fieri.
1409 4023 1478 4071 At
1516 4038 1633 4071 uero
1668 4023 1720 4070 in

566 4108 743 4158 mediis
766 4106 1032 4156 constricto
1055 4104 1441 4163 necessitatibus,
1482 4111 1532 4152 et
1565 4103 1614 4150 ui
1651 4103 1719 4151 le·

567 4205 684 4252 gum
699 4188 929 4253 impulso,
950 4195 997 4235 et
1012 4186 1310 4235 contestanti
1327 4200 1474 4248 super
1493 4183 1569 4232 his
1592 4198 1721 4247 quae

568 4270 663 4318 sibi
695 4269 831 4329 fiunt,
876 4269 946 4317 ita
980 4276 1032 4317 ut
1070 4267 1121 4316 in
1158 4275 1380 4331 tempore
1412 4281 1525 4315 suas
1564 4265 1719 4329 possit

570 4350 768 4414 exsequi
794 4350 1003 4398 iustitias
1025 4356 1140 4397 ante
1161 4347 1391 4406 iudicem,
1431 4345 1526 4410 ipsi
1559 4344 1718 4393 uindi-

571 4448 681 4482 care
716 4433 973 4482 ueritatem
997 4440 1191 4495 tempus
1214 4428 1432 4479 euenerit
1455 4428 1722 4490 [inuenerit

571 4514 740 4575 c=›‹l].''
799 4516 852 4562 ln
878 4514 954 4563 his
976 4513 1226 4579 appendix
1245 4514 1309 4562 he
1332 4519 1552 4575 suggests
1575 4530 1585 4560 :
1630 4514 1718 4559 “et

1823 3942 2061 3991 ventured
2108 3949 2160 3989 to
2205 3941 2379 4005 depart
2426 3941 2550 3989 from
2597 3941 2680 3991 the
2722 3943 2874 3992 MSS.
2921 3960 2978 3992 so

1822 4024 1895 4073 far
1915 4041 1969 4073 as
1993 4034 2045 4074 to
2068 4025 2330 4074 substitute
2361 4031 2405 4072 et
2437 4025 2512 4073 sor
2531 4031 2612 4084 est,
2641 4042 2672 4072 a
2696 4026 2806 4074 m'ro
2831 4028 2905 4075 sor
2925 4036 2980 4076 at

1821 4121 1947 4162 uero,
1985 4106 2145 4169 e'p5um
2180 4106 2256 4154 sor
2287 4106 2397 4169 ipsi.
2471 4107 2672 4169 Exequi
2698 4107 2968 4155 iustitias:

1823 4189 1951 4237 δίκας
2005 4186 2270 4248 λαμβάνειν
2295 4188 2352 4252 (Ρ)
2443 4191 2457 4216 ⁴
2477 4188 2587 4238 Τὴε
2644 4188 2977 4253 impassioned

1820 4267 1945 4330 style
1969 4266 2027 4316 of
2053 4267 2138 4317 the
2160 4268 2372 4332 Apostle
2408 4268 2449 4316 is
2484 4268 2589 4317 that
2614 4268 2669 4317 os
2696 4284 2759 4317 an
2785 4270 2977 4333 injured

1822 4362 1938 4396 man
1973 4346 2086 4395 who
2119 4347 2328 4396 submits
2358 4348 2515 4397 under
2539 4355 2739 4411 protest,
2770 4350 2869 4398 and
2891 4365 2977 4413 ap·

1823 4428 1960 4493 peals
1984 4433 2037 4478 to
2058 4444 2089 4477 a
2112 4427 2288 4491 higher
2306 4426 2484 4479 court.’
