3293 5233
1216 356 1672 408 THEODORUS
1715 354 2302 407 MOPSUESTENUS

550 362 679 428 300
2586 338 2750 425 [111.
2785 353 2980 422 5—7.

548 529 880 613 subponit,
905 539 1177 613 propter
1205 531 1385 613 'quod
1417 539 1485 594 et
1515 529 1831 594 mortales
1861 527 2023 596 talia
2045 539 2242 612 agere
2271 527 2545 611 possint.
2575 529 2762 591 'nam
2793 528 2977 610 quod

547 632 762 696 dixit:
806 633 1091 697 membra
1134 653 1296 714 quae
1338 642 1495 695 sunt
1538 644 1732 714 super
1775 641 2041 709 terram,
2095 640 2171 695 ut
2214 632 2395 695 dicat
2448 636 2465 664 ‘
2482 638 2671 695 actus
2714 651 2975 713 prauOS,

548 732 662 814 qui
711 733 927 797 solent
975 733 1288 798 mortales
1337 732 1542 817 sequi,
1574 741 1643 797 et
1689 733 2052 798 secundum
2092 742 2510 815 praesentem
2539 730 2715 795 hanc
2744 733 2974 808 uitam,

547 834 710 897 dum
771 835 837 899 in
909 845 1080 899 terra
1149 854 1632 915 conuersamur,
1708 835 2015 900 adnasci?
2119 855 2291 918 quae
2350 842 2506 898 sunt
2571 854 2738 917 ergo
2809 829 2978 897 haec

485 942 517 1008 5
550 938 896 1003 membra?

662 1087 1183 1168 fornicationem,
1219 1089 1726 1165 immunditiam,
1743 1089 2123 1172 passionem,
2147 1087 2705 1172 concupiscentiam
2729 1087 2976 1150 malam

550 1195 615 1248 et
637 1188 1018 1265 auaritiam,
1050 1200 1113 1252 et
1141 1189 1455 1253 idolorum
1484 1190 1860 1256 custodiam.
2329 1194 2332 1198 ⁴

632 1331 641 1337 ·
681 1316 1051 1381 notandum
1083 1317 1398 1399 quoniam
1422 1322 1535 1381 et“
1551 1316 1878 1381 idolorum
1911 1315 2261 1381 culturam’
2293 1314 2656 1378 auaritiam
2688 1314 2976 1391 uocauit,

550 1416 739 1497 quasi
770 1416 925 1499 quia
948 1419 1035 1481 ad
1067 1419 1566 1483 similitudinem
1598 1420 1739 1482 eius
1768 1439 1808 1481 a
1841 1419 1990 1483 Deo
2022 1419 2232 1501 possit
2257 1416 2587 1482 diuellere.
2640 1436 2763 1480 nec
2793 1416 2974 1480 enim

450 1533 529 1582 10
554 1519 865 1598 possibile
924 1528 1040 1597 est,
1102 1530 1177 1583 ut
1236 1522 1384 1603 quis
1444 1543 1514 1585 se
1566 1540 1607 1584 a
1662 1522 1882 1603 prauis
1933 1522 2267 1584 abstineat
2321 1521 2603 1603 negotiis
2655 1519 2768 1602 qui
2820 1518 2976 1602 plus

551 1620 841 1685 habendi
872 1624 1236 1705 cupiditate
1268 1633 1545 1689 tenetur.
1591 1632 1659 1688 et
1678 1625 2036 1688 ostendens
2067 1625 2382 1708 quoniam
2417 1644 2550 1686 non
2582 1631 2805 1706 potest
2823 1623 2976 1705 quis

553 1721 681 1786 ista
711 1724 852 1787 sine
884 1744 1067 1787 noxa
1095 1724 1345 1789 facere:

666 1883 932 1956 propter
962 1895 1123 1957 quae
1156 1874 1337 1938 uenit
1375 1875 1480 1939 ira
1519 1874 1656 1939 Dei
1689 1887 1879 1959 super
1901 1875 2089 1960 filios
2116 1875 2521 1959 diffidentiae.

688 2005 856 2064 ‘non
901 2002 1115 2065 solum
1163 2023 1435 2084 peccare
1480 2023 1602 2065 nos
1646 2003 2009 2066 absurdum
2055 2012 2172 2079 est,
2205 2005 2321 2068 sed
2355 2012 2422 2068 et
2454 2010 2883 2085 resurgenteS‚
2917 2001 2975 2066 si

452 2110 523 2177 15
555 2101 1039 2186 deliquerimus
1071 2124 1357 2188 poenam
1389 2104 1825 2169 necessariam
1863 2104 2405 2187 expectabimus?

685 2253 757 2316 in
813 2253 1044 2336 quibus
1098 2265 1163 2318 et
1217 2276 1330 2318 uos
1377 2255 1763 2319 ambulastis
1818 2257 2184 2340 aliquando,
2231 2258 2486 2341 quando
2538 2255 2854 2321 uiuebatis
2902 2255 2976 2319 in

555 2357 820 2422 iisdem:
2882 2353 2887 2357 ⁴

685 2479 701 2507 ‘
720 2475 972 2560 dudum
1005 2474 1273 2557 quidem
1304 2475 1676 2557 agebantur
1696 2475 1823 2541 ista
1854 2496 1894 2540 a
1924 2478 2129 2557 uobis
2155 2479 2425 2561 quando
2456 2497 2607 2541 cum
2639 2475 2974 2560 praesenti
3075 2541 3080 2544 .

656 2664 677 2699 1
715 2648 921 2714 possunt
950 2648 1020 2699 C*
1284 2666 1313 2714 3
1348 2665 1450 2714 quo
1474 2649 1588 2714 (for
1608 2651 1716 2715 qui)
1746 2651 1816 2701 C*
1883 2668 2010 2717 quos
2037 2654 2080 2703 C
2102 2653 2247 2715 (corr)
2270 2655 2337 2704 H
2350 2671 2382 2702 r
2400 2653 2430 2701 b
2706 2654 2737 2702 8
2769 2659 2820 2703 et
2840 2668 2918 2702 om
2941 2668 2978 2701 r

554 2746 586 2796 9
619 2731 759 2796 quasi
782 2747 909 2796 quae
929 2747 960 2780 a
982 2731 1305 2780 similitudine
1330 2731 1429 2782 Dei
1451 2747 1537 2781 eos
1560 2748 1592 2779 r
1616 2729 1624 2796 Ι
1655 2732 1884 2783 diuelliC
1906 2733 2052 2799 (corr)
2293 2751 2352 2787 ro
2384 2738 2512 2787 abst.
2535 2751 2615 2785 om
2637 2737 2707 2785 H
2725 2734 2734 2801 Ι
2759 2735 2975 2800 negotiis

552 2814 680 2863 abst.
708 2830 742 2861 r
906 2830 959 2863 11
997 2822 1051 2863 ut
1074 2814 1356 2863 ostenderet
1381 2830 1413 2862 r
1577 2829 1634 2862 12
1671 2814 1816 2865 istam
1846 2815 1916 2866 C*
2089 2835 2146 2883 ¹4
2180 2835 2272 2869 nos
2293 2836 2432 2885 pecc.
2459 2838 2493 2869 r
2667 2833 2725 2884 15
2759 2820 2976 2870 derelin-

553 2896 805 2960 querimus
831 2896 901 2945 C*
925 2897 994 2945 H
1047 2896 1436 2962 delinquerimus
1464 2898 1507 2946 C
1529 2894 1673 2961 (corr)
1694 2911 1706 2944 :
1741 2906 1823 2948 txt
1843 2916 1875 2948 r
2072 2903 2130 2951 18
2164 2901 2259 2951 ista
2279 2918 2357 2951 om
2379 2919 2414 2952 r

553 3042 746 3105 μελῶν
783 3047 1117 3095 συνεστῶτα
1162 3046 1456 3108 ἅνθρωποι
1498 3060 1710 3105 vra-paxe-

553 3129 747 3177 λεύεται
788 3126 1150 3181 ἅπεκδύσασθαι
1193 3132 1279 3179 τὸν
1320 3127 1529 3178 παλαιὸν
1574 3127 1710 3190 ἅνθρ.

1807 3049 2076 3109 culturam,
2116 3049 2311 3099 neither
2341 3050 2479 3098 word
2515 3048 2665 3111 being
2697 3044 2970 3111 supported

1807 3131 1873 3193 by
1893 3131 1976 3179 the
2001 3131 2150 3181 Latin
2171 3132 2408 3192 versions,
2430 3130 2596 3180 which
2612 3130 2740 3181 have
2756 3131 2975 3179 seruitus

556 3211 642 3257 σὺν
674 3211 776 3259 ταῖς
807 3207 1031 3271 πράξεσιν
1061 3212 1219 3260 αὐτοῦ.
1292 3208 1417 3258 ὥστε
1448 3207 1474 3258 ὀ
1505 3211 1711 3262 παλαιὸς

553 3289 798 3353 ἅνθρωπός
819 3292 952 3339 ἐστιν
972 3292 1030 3340 τὸ
1051 3292 1271 3353 φρόνημα.
1288 3292 1344 3340 τὸ
1361 3293 1445 3350 τῆς
1460 3291 1709 3353 ἁμαρτίας·

553 3372 704 3431 μέλη
727 3373 786 3422 δὲ
817 3375 992 3421 αὐτοῦ
1023 3374 1078 3422 αἱ
1109 3373 1341 3436 πράξεις
1370 3375 1465 3421 τῶν
1499 3373 1708 3436 ἁμαρτη-

555 3452 734 3511 μάτων.

623 3549 668 3584 2.
758 3541 818 3583 ut
868 3536 1012 3593 dicat,
1071 3536 1184 3596 δια]
1266 3536 1457 3586 Robert
1511 3537 1570 3586 os
1618 3538 1710 3587 B.:

563 3614 695 3663 “uel
738 3621 877 3664 actus
921 3632 1101 3679 prauos
1139 3616 1259 3665 dicit
1300 3617 1540 3676 membra,
1586 3633 1713 3681 quos

557 3698 718 3747 solent
751 3698 985 3746 mortales
1018 3698 1158 3760 sequi
1192 3698 1312 3747 dum
1347 3699 1397 3747 in
1432 3708 1561 3749 terra
1594 3716 1713 3749 con-

558 3776 868 3828 ueisantur.·’'
933 3778 1181 3828 Lanfranc
1206 3779 1277 3839 (in
1310 3781 1393 3829 the
1428 3780 1715 3830 interlinear

556 3858 737 3924 gloss):
779 3863 1053 3911 “membra
1074 3869 1249 3921 uestra,
1268 3871 1458 3927 prauos
1478 3872 1631 3913 actus.
1641 3862 1669 3885 ”

623 3941 672 3991 6.
732 3942 1028 4007 passionem]
1050 3963 1098 3983 =
1123 3940 1282 3991 πάθος.
1375 3944 1445 3993 So
1480 3942 1707 4005 Iren.¹¹²‘·,

559 4023 865 4082 Tichonius;
922 4024 1035 4073 thus
1071 4025 1156 4074 the
1196 4024 1344 4087 Vulg.
1386 4025 1587 4074 renders
1626 4025 1713 4076 the

558 4105 700 4154 word
745 4105 796 4154 in
844 4106 994 4154 Rom.
1044 4105 1075 4156 i.
1129 4104 1190 4154 26
1210 4123 1225 4165 ς
1270 4121 1290 4154 1
1336 4106 1512 4155 Tbess.
1563 4107 1626 4157 iv,
1684 4119 1711 4170 5

561 4181 630 4248 (q.
647 4182 733 4248 v.).

629 4279 674 4329 7.
742 4274 787 4316 et
808 4267 1049 4316 idolorum
1082 4268 1375 4328 custodiam]
1423 4268 1565 4317 Read
1601 4284 1712 4333 per·

559 4347 713 4413 haps:
766 4351 801 4374 ‘⁸
816 4349 988 4413 [quae]
1032 4357 1105 4399 est
1146 4349 1392 4399 idolorum
1437 4347 1714 4400 custodia.”

564 4429 701 4478 Cust.
735 4428 777 4479 is
810 4429 860 4478 in
907 4429 990 4478 the
1024 4437 1141 4480 next
1173 4430 1273 4480 line
1303 4430 1590 4495 exchanged
1636 4428 1713 4479 sor

1811 3213 1928 3262 here
1951 3229 2006 3263 as
2029 3214 2079 3262 in
2105 3215 2236 3277 Eph.
2268 3231 2312 3264 v.
2344 3229 2389 3277 5.

1877 3308 1924 3356 9.
2004 3293 2151 3357 quasi
2202 3293 2323 3357 quia
2375 3293 2448 3340 ad
2494 3292 2627 3351 sim„
2688 3290 2803 3351 δια]
2884 3289 2965 3339 Cf.

1806 3381 1979 3437 supra,
2003 3390 2069 3423 on
2095 3375 2227 3439 Eph.
2258 3390 2304 3422 v.
2331 3387 2357 3435 5
2382 3392 2394 3423 τ
2435 3375 2547 3423 “eo
2579 3373 2713 3438 quod
2744 3372 2971 3422 similiter

1808 3470 1840 3503 a
1864 3456 1977 3504 Deo
1998 3466 2163 3521 potest
2187 3454 2462 3505 auertere.”

1881 3551 1956 3585 10.
2024 3538 2116 3601 qui
2139 3539 2262 3601 plus
2299 3538 2521 3597 habendi,
2561 3537 2679 3597 δῖα]
2746 3538 2833 3586 τὸν
2879 3536 2973 3586 ὑπὸ

1811 3618 1897 3678 τῆς
1932 3620 2206 3678 πλεονεξίας
2237 3620 2576 3679 κατεχόμενον.

1884 3715 1959 3763 13·
2025 3700 2344 3763 diffidentiae]
2428 3700 2498 3749 So
2543 3700 2608 3750 O.
2646 3699 2738 3759 L.;
2794 3698 2966 3761 Vulg.,

1817 3782 1831 3806 ‘
1841 3781 1855 3806 ‘
1868 3780 2241 3830 incredulitatis.
2250 3779 2278 3802 ”
2463 3775 2484 3787 ‘

1885 3874 1958 3923 15.
2030 3861 2398 3926 deliquerimus]
2465 3861 2562 3911 See
2604 3876 2687 3909 vv.
2732 3860 2808 3920 11.,
2868 3860 2973 3909 and

1813 3940 1880 3991 cf.
1905 3957 1955 4005 p.
1985 3955 2095 3999 200,
2120 3942 2152 3991 L
2183 3959 2202 3991 1
2233 3942 2331 4001 (vv.
2359 3941 2456 4001 11.).
2530 3941 2642 3990 The
2669 3940 2798 3989 form
2819 3941 2965 3992 derel.

1814 4039 1973 4072 seems
2004 4032 2056 4071 to
2085 4023 2212 4071 have
2243 4022 2521 4086 originated
2552 4022 2604 4070 in
2634 4037 2665 4070 a
2695 4022 2971 4072 correction

1814 4102 1873 4152 of
1914 4103 1998 4152 rel.
2038 4102 2202 4152 which
2246 4103 2334 4152 left
2379 4103 2464 4152 the
2509 4102 2614 4151 first
2658 4108 2759 4151 two
2804 4102 2974 4151 letters

1811 4187 2159 4249 unexpunged.

1865 4274 2078 4330 poenam
2102 4284 2199 4315 nec.
2223 4267 2354 4330 exp-J
2396 4267 2492 4316 See
2515 4281 2582 4314 on
2608 4281 2634 4314 2
2659 4266 2837 4315 Thess.
2861 4266 2895 4314 i.
2921 4280 2971 4331 9.

1884 4346 1957 4399 16.
2028 4349 2226 4414 quando
2260 4349 2371 4397 uiu.
2422 4348 2479 4397 in
2519 4347 2712 4408 iisdem]
2777 4346 2840 4398 Ο.
2881 4347 2966 4407 L..

1811 4430 1981 4494 Vulg„
2011 4433 2041 4458 ‘⁸
2060 4447 2172 4481 cum
2198 4429 2429 4480 uiueretis
2451 4429 2502 4479 in
2526 4427 2677 4478 illis.’'
