3293 5233
344 377 394 439 1.
435 393 527 460 15,
568 383 684 466 16.]
1067 398 1150 449 IN
1200 401 1304 452 ΕΡ.
1350 402 1452 450 AD
1501 400 2039 455 PHILIPPENSES.
2623 402 2751 472 207

343 565 523 646 quod
564 587 739 633 nunc
771 589 858 632 ex
890 572 1368 635 consuetudine
1404 572 1800 655 ‘palatium’
1833 575 2268 638 nominamus,
2357 571 2555 656 †hoc
2593 592 2751 655 ergo

341 666 555 732 dixit:
601 670 785 735 ‘uolo
827 694 948 736 uos
980 672 1247 757 (inquit)
1281 675 1461 751 scire,
1493 696 1573 738 eo
1609 676 1791 759 quod
1825 676 1939 740 illa
1968 697 2140 759 quae
2182 677 2525 741 doctrinae
2562 696 2752 739 meae

341 780 496 835 sunt
542 773 609 836 in
653 776 930 858 singulis
976 777 1211 840 diebus
1258 779 1666 843 incrementa
1711 781 2060 864 accipiunt.
2112 801 2309 845 ·nam
2359 782 2620 845 uinctus
2662 782 2747 845 ad

341 878 640 942 omnium
694 882 1000 944 notitiam
1054 883 1342 964 perueni‚
1403 883 1713 946 inductus
1773 884 2156 948 defensione
2209 905 2360 948 mea
2412 883 2636 960 adsui3
2681 894 2748 948 et

340 979 433 1042 sic
487 980 573 1043 ab
622 983 804 1044 omni
865 982 1157 1065 periculo
1217 982 1551 1062 liberatuS‚
1602 995 1677 1048 ut
1731 984 1922 1048 multi
1972 981 2203 1051 fidele's
2265 987 2577 1054 docerent
2636 985 2749 1049 illa
2822 986 2853 1053 5

339 1103 511 1165 quae
555 1085 825 1167 pietatis
871 1097 1044 1165 sunt,
1089 1108 1178 1151 ex
1227 1087 1355 1151 illis
1404 1108 1576 1170 quae
1628 1110 1786 1173 erga
1846 1109 1954 1153 me
2004 1088 2181 1154 sacta
2228 1099 2384 1154 sunt
2434 1089 2746 1153 fiduciam

338 1186 821 1269 accipientes'*

464 1337 731 1418 quidam
778 1339 1035 1421 quidem
1080 1350 1142 1404 et
1173 1352 1440 1424 propter
1488 1341 1816 1405 inuidiam
1859 1353 1923 1406 et
1961 1343 2428 1421 contentionem,
2477 1344 2747 1426 quidam

334 1458 484 1501 uero
510 1449 574 1502 et
583 1449 849 1521 propter
877 1442 1107 1506 bonum
1121 1444 1441 1523 placitum
1476 1443 1808 1508 Christum
1837 1443 2252 1509 adnuntiant.

468 1573 536 1627 et
577 1564 772 1628 latius
817 1566 1196 1648 significans
1238 1569 1399 1651 quid
1442 1568 1543 1646 sit,
1581 1568 1761 1650 quod
1799 1569 2086 1632 dixerit:
2117 1579 2382 1650 propter
2419 1569 2744 1634 inuidiam
2780 1573 2858 1621 10

333 1675 397 1728 et
421 1667 885 1744 contentionem,
919 1668 1122 1731 adicit
1147 1689 1161 1732 :

461 1803 589 1866 alii
624 1803 880 1884 quidem
930 1825 1010 1867 ex
1051 1805 1436 1869 contentione
1482 1804 1818 1872 Clzristum
1858 1805 2273 1883 adnuntiant,
2319 1826 2445 1870 non
2491 1806 2743 1887 sincere,

326 1904 765 1968 existimantes
794 1907 1271 1971 tribulationem
1304 1908 1549 1990 inferre
1578 1907 1857 1971 uinculis
1884 1907 2058 1971 meis.

465 2023 774 2105 ‘quidam
826 2024 1090 2108 (inquit)
1149 2027 1521 2089 inuidentes
1580 2026 1777 2088 rebus
1825 2025 1995 2089 bene
2048 2045 2206 2107 erga
2251 2045 2361 2088 me
2403 2026 2626 2108 gestis,
2675 2037 2741 2090 et

329 2130 646 2213 quoniam
688 2127 850 2191 nihil
891 2131 1047 2193 mali
1089 2152 1321 2213 passus
1362 2150 1508 2192 sum
1558 2130 1865 2192 inductus
1910 2137 2068 2192 ante
2112 2129 2470 2206 Neronem,
2511 2129 2630 2193 sed
2673 2139 2740 2193 et
2776 2147 2847 2214 15

330 2230 443 2295 illa
490 2251 661 2314 quae
711 2252 868 2314 erga
920 2252 1028 2295 me
1076 2233 1338 2295 fuerunt
1385 2233 1653 2295 edicens
1698 2230 1868 2292 solui
1912 2229 1999 2292 ab
2044 2250 2124 2292 eo
2165 2230 2496 2312 promerui
2522 2251 2537 2307 ;
2584 2251 2737 2294 con-

328 2344 432 2400 tra
485 2357 592 2398 me
641 2356 831 2398 suam
880 2339 1377 2399 contentionem
1428 2342 1816 2398 exercentes
1868 2334 2257 2407 discurrunt,
2306 2352 2439 2395 non
2499 2333 2742 2397 fiducia

325 2435 551 2519 aliqua
598 2437 665 2500 id
720 2447 1011 2520 agentes,
1061 2440 1176 2501 sed
1221 2438 1516 2520 nequitia
1574 2435 1674 2518 (ut
1735 2436 1829 2497 ita
1882 2434 2194 2517 dixerim)
2253 2433 2522 2516 pietatis
2575 2434 2739 2516 dog-

457 2606 646 2670 τοῦτο
687 2601 796 2670 οὖν
835 2601 1027 2685 λέγει,
1058 2600 1161 2668 ὅτι
1203 2600 1567 2681 ’,Βούλομαι
1610 2599 1770 2682 ὑμᾶς
1816 2599 2059 2680 εἰδέναι,
2104 2598 2187 2672 ὥς
2228 2600 2311 2666 τὰ
2361 2604 2477 2682 τῆς
2513 2599 2738 2666 διδασ-

326 2707 557 2777 καλίας
589 2707 902 2790 ὁσημέραι
932 2704 1288 2793 προκόπτει
1318 2707 1430 2785 τῆς
1455 2705 1620 2785 ἐμῆς·
1654 2702 1848 2784 δῆλος
1870 2703 1995 2790 «γὰρ
2027 2704 2138 2769 ἐπὶ
2166 2709 2301 2773 τοῖς
2325 2704 2586 2786 δεσμοῖς
2613 2731 2739 2786 μου
2765 2728 2850 2774 20

322 2808 579 2876 ἅπασιν
609 2811 929 2894 ἐγενόμην,
957 2812 1060 2874 καὶ
1094 2807 1422 2896 εἰσαχθεὶς
1444 2807 1593 2890 περὶ
1624 2809 1754 2871 τῶν
1783 2807 1923 2872 καθ’
1950 2808 2177 2873 ἑαυτὸν
2206 2806 2737 2890 ἀπελογησάμην,
2822 2864 2833 2874 .

325 2913 433 2979 καὶ
475 2912 670 2983 οὕτως
711 2911 1065 2994 ἀπήλλαξα
1104 2909 1444 2979 ἀκινδύνως
1477 2907 1645 2974 ὥστε
1676 2908 1970 2980 πολλοὺς
2001 2913 2130 2975 τῶν
2159 2909 2539 2991 ὁμοπίστων
2568 2909 2737 2973 διδά-

325 3040 510 3080 σκειν
537 3013 619 3078 τὰ
651 3019 763 3096 τῆς
794 3012 1125 3091 εὐσεβείας
1156 3010 1287 3075 ἀπὸ
1317 3014 1446 3074 τῶν
1476 3009 1614 3075 κατ’
1650 3009 1764 3093 ἐμὲ
1794 3010 1914 3092 τὴν
1942 3009 2320 3096 παῤῥησίαν
2351 3009 2737 3095 εἰληφόταςῖ

426 3187 444 3219 1
474 3186 566 3219 nos
590 3171 707 3234 (jor
725 3169 874 3233 nunc)
899 3140 965 3219 H
1185 3185 1213 3231 3
1249 3172 1606 3220 incrementum
1635 3169 1680 3218 C
1886 3188 1917 3230 4
1950 3169 2178 3233 peruenit
2201 3186 2233 3218 r
2258 3166 2267 3233 Ι
2297 3168 2415 3218 affui
2443 3170 2486 3218 C
2507 3169 2653 3231 (con)
2677 3170 2746 3219 H

326 3266 353 3315 5
390 3268 503 3302 cum
528 3253 708 3301 fiducia
733 3253 829 3316 (ost
851 3252 1040 3313 fideles)
1065 3252 1167 3300 aa'd
1189 3253 1233 3300 C
1458 3253 1516 3301 18
1551 3250 1820 3314 impietatis
1849 3251 1892 3299 C
1908 3251 1976 3298 H
1989 3268 2021 3299 r

322 3406 475 3456 Thdt.
500 3407 658 3456 shews
684 3406 789 3455 that
823 3405 1062 3469 “though
1098 3405 1216 3467 they
1247 3405 1477 3453 assumed
1579 3403 1756 3466 Chrys·
1785 3403 1887 3451 and
1921 3404 2093 3463 Thdt.,
2131 3402 2324 3466 though
2355 3401 2448 3451 alii
2477 3402 2736 3466 quidem—-

2472 12 2573 15 „.-
2618 12 2691 17 7,-
2736 10 3195 22 --—v.—.-.-..-—-.,
3240 12 3273 19 ..ι

323 3486 408 3535 the
430 3486 567 3534 word
593 3493 722 3534 must
746 3485 871 3534 have
894 3485 993 3533 had
1029 3485 1125 3534 this
1158 3485 1393 3548 meaning
1424 3492 1474 3532 at

322 3583 387 3616 an
423 3568 598 3617 earlier
634 3567 765 3626 date,
808 3567 846 3615 it
886 3582 988 3614 was
1027 3567 1265 3629 certainly
1295 3574 1383 3614 not
1419 3582 1475 3614 so

321 3648 467 3696 when
493 3649 610 3711 they
634 3646 835 3697 wrote-'⁵
903 3648 1013 3696 The
1044 3649 1111 3711 pl.
1141 3649 1284 3711 regiu-
1317 3663 1475 3695 seems

320 3736 374 3778 to
398 3729 460 3778 be
483 3746 547 3777 an
569 3729 814 3777 imitation
839 3728 895 3776 os
925 3728 1007 3777 the
1040 3729 1137 3778 Gk.
1170 3730 1241 3790 (ἐν
1276 3729 1374 3788 ὅλῳ
1408 3728 1478 3788 τῷ

321 3828 421 3872 tp„
448 3811 523 3858 ἵνα
544 3813 680 3871 εἴπῃ·
713 3813 763 3858 ἐν
792 3812 889 3859 τοῖς
920 3810 1254 3871 βασιλείοις).
1329 3810 1473 3857 Circa

317 3904 443 3949 eum,
474 3891 558 3938 i.e.
591 3890 770 3939 “circa
804 3890 1067 3939 Caesarem
1082 3888 1111 3911 ’'
1138 3888 1383 3953 (Jacobi);
1417 3905 1475 3937 or

317 3972 541 4036 possibly
560 3988 670 4020 eum
694 3971 736 4019 is
759 3986 823 4019 an
845 3986 979 4020 error
1001 3971 1078 4019 sor
1098 3986 1167 4019 ca.

390 4068 464 4116 13.
509 4051 868 4101 tribulationem
902 4051 1107 4115 inferre]
1174 4052 1338 4114 θλίψιν
1369 4053 1471 4099 ἐπι-

316 4134 493 4194 φέρειν.
554 4134 623 4183 So
647 4133 822 4196 Chrys.
852 4133 949 4181 and
974 4132 1126 4181 Thdt.
1188 4132 1299 4181 The
1324 4132 1472 4181 Latin

315 4216 605 4265 authorities
628 4223 876 4279 represent
900 4215 983 4263 the
1007 4215 1212 4278 reading
1245 4216 1323 4263 θλ.
1348 4216 1471 4275 ἐγεί-

313 4315 427 4359 ρειν.
496 4299 547 4347 It
580 4298 683 4346 will
718 4298 780 4345 be
804 4297 1045 4345 observed
1070 4297 1175 4345 that
1201 4313 1362 4345 verses
1392 4297 1464 4357 16,

324 4394 380 4443 17
416 4383 481 4442 (ol
514 4381 600 4439 μὲν
631 4382 683 4440 ἐξ
716 4381 1020 4440 ἀγάπης..,οῑ
1055 4381 1104 4438 ἐξ
1135 4380 1356 4440 ἐριθείας)
1389 4395 1471 4428 are

317 4463 607 4525 transposed
644 4463 693 4510 in
728 4460 867 4509 Th.’s
902 4466 1018 4519 text,
1055 4476 1108 4509 as
1141 4461 1257 4523 they
1289 4476 1371 4508 are
1406 4461 1472 4523 by

1575 3487 1777 3550 quidam
1801 3487 1992 3549 quidem
2016 3485 2182 3550 points
2199 3494 2251 3534 to
2269 3501 2407 3534 some
2425 3484 2736 3548 uncertainty

1575 3568 1628 3616 in
1666 3568 1750 3616 the
1782 3568 1921 3616 mind
1953 3568 2012 3616 of
2042 3567 2126 3616 the
2167 3568 2444 3625 translator,
2481 3566 2596 3614 who
2632 3581 2734 3614 was

1576 3647 1832 3696 doubtless
1885 3648 2202 3697 accustomed
2257 3655 2311 3697 to
2370 3646 2457 3696 the
2522 3646 2731 3711 original

1577 3729 1735 3776 order.

1646 3811 1721 3857 18.
1753 3808 1970 3873 nequitia
1994 3815 2051 3856 ut
2070 3810 2140 3857 ita
2162 3810 2369 3858 dixerim
2383 3809 2593 3873 pietatis,
2617 3807 2731 3869 δια]

1574 3889 1686 3937 The
1707 3889 1891 3937 scribes
1917 3888 2016 3951 (see
2039 3905 2117 3938 vv.
2142 3889 2220 3953 ll.)
2240 3889 2367 3938 have
2391 3889 2623 3953 repeated
2647 3890 2731 3938 the

1574 3971 1670 4019 last
1694 3977 1795 4019 two
1818 3970 1986 4019 letters
2007 3969 2066 4019 os
2091 3971 2301 4019 dixerim
2324 3970 2492 4020 before
2509 3971 2724 4034 pietatis,

1574 4052 1691 4102 thus
1713 4052 2000 4116 destroying
2033 4052 2116 4101 the
2150 4052 2386 4117 paradox.
2459 4052 2592 4102 That
2626 4052 2723 4102 Th.

1573 4144 1730 4184 wrote
1754 4138 1839 4195 τῆς
1859 4136 2101 4195 εὐσεβείας
2123 4137 2166 4182 is
2188 4135 2321 4183 clear
2338 4134 2463 4182 srom
2488 4133 2572 4182 the
2595 4149 2729 4182 com-

1572 4227 1710 4267 ment
1727 4218 1891 4266 below
1911 4215 1976 4282 (p.
1994 4231 2103 4282 209,
2122 4217 2156 4264 l.
2174 4231 2218 4279 3,
2244 4217 2359 4265 &c.:
2383 4220 2414 4242 ‘⁸
2432 4216 2495 4264 de
2512 4216 2610 4264 illis
2633 4216 2729 4265 hoc

1573 4297 1622 4345 in
1646 4297 1759 4346 loco
1777 4298 2062 4362 loquentem
2085 4297 2168 4361 qui
2191 4312 2368 4344 sanam
2392 4296 2594 4360 quidem
2611 4295 2728 4344 doc-

1574 4382 1753 4429 trinam
1778 4378 2154 4444 doceat,”&c.).
2203 4380 2278 4429 Cf.
2306 4379 2482 4443 Chrys.
2505 4378 2651 4441 (hom.
2671 4378 2727 4426 in

1575 4461 1704 4510 Phil.
1725 4462 1757 4510 i.
1781 4465 1852 4511 18.
1909 4462 2082 4525 Migne
2102 4475 2180 4524 5¹·
2203 4458 2340 4524 318):
2373 4463 2427 4509 οὐ
2449 4461 2602 4508 τοίνυν
2624 4462 2727 4508 τοῦ·
