3293 5233
316 380 436 444 IV.
478 393 571 461 17,
611 378 735 462 18.]
1045 392 1127 443 IN
1178 392 1282 445 ΕΡ.
1328 393 1432 444 An
1477 393 2000 446 coLossENSEs.
2610 398 2726 461 311

313 557 491 620 unde
520 559 795 641 quidam
827 559 1063 624 salsam
1095 560 1448 642 epistolam
1481 562 1568 626 ad
1615 561 2063 627 Laodicenses
2108 583 2198 627 ex
2243 562 2514 628 nomine
2557 563 2736 628 beati

315 663 501 728 Pauli
561 664 1074 747 confingendam
1129 686 1273 729 esse
1333 666 1924 743 existimauerunt3
1983 686 2105 730 nec
2157 667 2335 732 enim
2387 675 2530 730 erat
2583 687 2739 730 uera

315 765 614 845 epistola.
703 768 1227 831 aestimauerunt
1270 775 1494 830 autem
1534 767 1807 849 quidam
1856 767 2037 830 illam
2084 788 2243 843 esse,
2283 788 2455 850 quae
2500 769 2568 830 in
2613 767 2740 829 hoc

314 868 463 933 loco
495 879 595 933 est
633 870 1026 952 significata.
1141 870 1487 955 apostolus
1520 891 1677 934 uero
1711 890 1843 933 non
1877 870 1996 934 ‘ad
2031 870 2479 954 Laodicenses
2500 870 2513 894 '
2560 869 2738 946 dicit,

315 971 430 1033 sed
482 976 603 1034 ‘ex
653 972 1009 1048 Laodicia‚’
1056 993 1259 1057 quam
1310 972 1403 1036 illi
1448 974 1848 1055 scripserant
1900 974 1984 1035 ad
2039 972 2439 1055 apostolum,
2492 972 2557 1034 in
2609 991 2740 1055 qua
2818 973 2848 1039 5

315 1068 537 1152 aliqua
596 1073 1121 1154 reprehensionis
1173 1074 1376 1158 digna
1423 1075 1912 1151 inferebantur;
1972 1094 2173 1156 quarn
2229 1075 2431 1138 etiam
2484 1073 2609 1136 hac
2655 1072 2743 1134 de

315 1195 515 1238 causa
545 1177 735 1240 iussit
765 1177 943 1259 apud
976 1198 1091 1240 eos
1124 1178 1271 1260 legi,
1304 1186 1378 1241 ut
1409 1178 1534 1259 ipsi
1566 1175 2055 1260 reprehendant
2086 1198 2156 1240 se
2188 1177 2367 1259 ipsos
2412 1175 2741 1238 discentes

317 1300 488 1362 quae
535 1281 637 1350 de,
676 1280 802 1342 illis
855 1290 1011 1345 sunt
1059 1282 1326 1363 scripta.
1434 1290 1501 1344 et
1552 1289 1825 1364 propter
1874 1277 2020 1355 hoe,
2068 1290 2143 1343 ut
2186 1279 2384 1343 datur
2428 1277 2740 1360 intellegi,

317 1402 532 1465 neque
564 1382 846 1446 scribere
878 1384 973 1447 eis
1003 1384 1282 1466 dignum
1315 1384 1749 1458 existimauit,
1780 1382 1898 1446 sed
1938 1381 2119 1446 illam
2162 1403 2333 1465 quae
2374 1382 2461 1444 ad
2511 1380 2743 1446 Colos-

318 1502 542 1546 senses
588 1485 832 1566 scripta
872 1494 1014 1547 erat
1056 1484 1186 1567 legi
1227 1496 1297 1549 et
1326 1483 1506 1567 apud
1539 1484 1690 1546 illos
1721 1484 2075 1566 praecepit,
2110 1493 2183 1547 ut
2214 1484 2539 1548 bonorum
2572 1482 2742 1564 pari·
2781 1491 2857 1538 ιο

316 1597 419 1651 ter
448 1588 811 1670 suscipiant
842 1589 1276 1652 monitionem
1310 1597 1377 1652 et
1410 1589 1474 1649 in
1508 1588 1745 1651 melius
1776 1596 2282 1664 conuertantur;
2327 1607 2406 1649 eo
2437 1583 2617 1667 quod
2651 1584 2745 1647 sic

317 1686 693 1770 reprehensi
725 1698 880 1751 sunt
912 1709 953 1752 a
997 1689 1218 1764 Paulo,
1251 1697 1324 1752 ut
1366 1709 1580 1772 neque
1626 1690 1873 1770 scripta
1918 1689 2005 1752 ab
2049 1708 2130 1750 eo
2175 1688 2513 1771 percipere
2557 1684 2743 1766 digni

319 1789 598 1854 fuissent
629 1792 1014 1856 existimati.
1105 1792 1348 1856 deinde
1379 1793 1542 1856 dicit
1572 1792 1658 1854 ad
1692 1812 1806 1854 eos
1833 1815 1847 1855 ε

447 1962 637 2025 dicite
664 1932 1030 2045 Arcthpo}
1069 1965 1084 1994 ‘
1107 1962 1256 2025 uide
1286 1961 1725 2025 ministerium
1754 1960 1928 2042 quod
1948 1958 2241 2043 accepisti
2262 1959 2330 2022 in
2353 1957 2652 2036 Domine,
2674 1968 2749 2022 ut

324 2061 495 2125 illud
511 2061 822 2144 impleas?
2784 2051 2854 2116 ¹5

453 2197 696 2260 deinde
727 2199 889 2262 dicit
919 2200 1013 2262 eis
1044 2199 1262 2263 dicere
1294 2199 1659 2282 Archipp0,
1685 2207 1758 2261 ut
1790 2197 2229 2261 ministerium
2262 2194 2442 2279 quod
2474 2194 2747 2276 accepit,

326 2301 618 2386 impleat.
705 2303 832 2386 †ut
863 2313 1087 2368 autern
1121 2311 1221 2366 est
1252 2325 1342 2367 ex
1375 2303 1610 2366 litteris
1642 2302 2044 2376 existimare,
2078 2299 2257 2383 apud
2303 2297 2749 2362 Laodicenses

326 2404 502 2468 idem
551 2407 800 2489 degens
845 2407 1281 2471 ministerium
1328 2406 1669 2469 doctrinae
1714 2404 2143 2468 commissum
2190 2403 2433 2494 habere
2479 2401 2749 2465 uideba-

325 2509 487 2576 tur?
574 2511 677 2573 his
708 2511 987 2574 adiecit:

451 2681 760 2744 salutatio
790 2701 929 2743 mea
960 2701 1159 2743 manu
1190 2679 1412 2742 Pauli.
2779 2674 2864 2721 20

457 2816 773 2899 quoniam
806 2837 924 2878 sua
954 2836 1157 2879 manu
1190 2786 1661 2879 salutationem
1695 2813 1972 2896 scripsit,
2004 2811 2232 2876 dicens
2259 2836 2273 2874 ι

461 3000 765 3043 memores
792 2990 978 3043 estote
1008 2980 1410 3043 uinculorum
1443 3001 1745 3044 meorum.

461 3294 545 3365 ὥς
596 3294 779 3361 ἔστιν
826 3295 898 3359 ἐκ
945 3299 1075 3361 τῶν
1104 3294 1695 3382 προγεγραμμένων
1743 3294 2023 3370 εἰκάσαι,
2080 3294 2261 3378 παρὰ
2314 3292 2751 3360 Λαοδικεῦσιν

331 3399 472 3464 ὄντι
500 3399 610 3465 καὶ
641 3399 759 3480 τὴν
788 3398 1122 3466 διακονίαν
1154 3397 1692 3486 ἐγκεχειρισμένῳ
1724 3401 1838 3481 τῆς·
1870 3394 2315 3468 διδασκαλίας.

430 3624 455 3672 5
492 3609 789 3673 scripserunt
812 3626 844 3657 r
1035 3608 1067 3658 6
1101 3609 1483 3673 reprehensione
1504 3608 1570 3657 lb
1779 3617 1804 3668 7
1842 3607 2064 3655 dicentes
2093 3604 2163 3654 C*
2189 3605 2297 3654 Ην
2511 3619 2567 3654 10
2601 3603 2753 3666 scrip·

329 3700 457 3743 serat
486 3692 529 3741 C
550 3693 696 3751 (corr)
725 3688 733 3754 Ι
765 3690 1004 3754 praecipit
1032 3690 1101 3738 C*
1130 3705 1160 3737 r
1412 3705 1465 3738 12
1502 3689 1600 3737 sint
1625 3688 1693 3738 H
1710 3690 1718 3744 Ι
1748 3695 1797 3737 et
1823 3687 1939 3751 (sor
1959 3694 2034 3749 ut>
2065 3686 2136 3737 C*
2163 3687 2227 3735 H
2242 3703 2274 3734 r
2512 3683 2570 3734 16
2604 3685 2755 3734 dicite

332 3773 446 3836 (sor
464 3769 648 3835 dicere)
673 3786 706 3819 r
930 3782 983 3831 17
1021 3769 1090 3817 eis
1118 3767 1235 3832 (fhr
1252 3768 1347 3829 est)
1372 3786 1401 3816 r
1428 3767 1435 3831 Ι
1465 3768 1734 3817 existimari
1763 3768 1808 3817 C
1828 3769 1976 3827 (corr)
2197 3768 2253 3815 18
2289 3765 2340 3814 id
2365 3772 2441 3814 est
2464 3764 2580 3828 (sor
2599 3764 2753 3822 idern)

334 3855 404 3904 C*
430 3856 541 3904 Ην
800 3864 859 3917 19
894 3851 1044 3899 adicit
1072 3853 1114 3901 C
1134 3869 1166 3900 r
1404 3864 1465 3914 23
1490 3867 1562 3914 sq.
1605 3849 1759 3899 Coisl.
1792 3862 1903 3909 204,
1926 3848 1961 3899 s.
1997 3846 2081 3897 161
2110 3863 2139 3895 a
2162 3846 2269 3908 [Cr.
2294 3846 2360 3894 vi.
2387 3861 2496 3910 339,
2528 3847 2610 3894 Fr.
2645 3844 2759 3907 144]

332 3936 575 3999 θεόδωρος.
643 3934 795 3983 ἄλλος
818 3935 871 3983 δέ
892 3942 1054 3995 φησιν·
1081 3935 1141 3984 ὡς
1164 3936 1313 3990 ἔστιν,
1339 3935 1485 3982 κ.τ.λ.
1694 3948 1755 3993 24
1790 3929 2026 3980 διακονίας
2050 3929 2145 3989 (sor
2170 3929 2376 3988 διδασκ.)
2402 3927 2516 3976 cod.
2540 3926 2656 3976 edd.

330 4136 606 4199 spondeant
652 4135 925 4184 secundum
970 4135 1104 4197 quod
1151 4136 1217 4183 ab
1256 4151 1317 4183 eo
1357 4150 1494 4182 acce·
1597 4131 1771 4179 δικείας
1791 4129 2092 4191 γεγενῆσθαι
2116 4124 2422 4175 διδάσκαλον.
2469 4126 2569 4175 ἀλλ’
2597 4128 2761 4189 ἠπρός

331 4223 522 4280 perant.
594 4215 775 4279 ‘legite
815 4232 933 4278 ergo
980 4216 1182 4279 (inquit)
1229 4215 1494 4279 epistolam
1595 4210 1848 4268 Φιλήμονα
1888 4207 2126 4267 ἐπιστολὴ
2159 4208 2364 4255 διδάσκει
2397 4205 2455 4256 ὡς
2487 4207 2537 4255 ἐν
2567 4209 2760 4255 Κολοσ·

334 4296 752 4347 Laodicensium)
773 4296 802 4317 ’⁹
1597 4293 1706 4341 σαῖς
1731 4287 1866 4339 οὗτος
1898 4288 2021 4349 ᾤκει·
2064 4285 2132 4348 τῷ
2161 4285 2260 4348 γὰρ
2291 4286 2521 4348 Φιλήμονι
2553 4289 2631 4336 καὶ
2655 4289 2760 4336 τοῦ·

402 4396 477 4443 17.
536 4381 676 4443 apud
703 4380 1028 4437 Laodicenses,
1064 4377 1178 4439 ἃς]
1243 4377 1398 4425 Thdt.
1425 4391 1496 4425 re·
1599 4392 1684 4422 τον
1708 4372 1973 4422 συντάττει.
2032 4372 2129 4421 See
2152 4371 2314 4419 below
2339 4387 2405 4419 on
2431 4372 2640 4421 Philem.
2668 4385 2713 4420 2.

330 4463 455 4525 jects
471 4462 569 4510 this
586 4462 791 4526 opinion
809 4478 820 4508 ε
847 4461 971 4509 τινὲς
984 4462 1175 4521 ἔφασαν
1187 4457 1357 4506 τοῦτον
1374 4459 1497 4505 Λαο·
