3293 5233
596 323 727 402 264
1267 333 1725 385 ‘rnssononus
1774 332 2357 385 MOPSUESTENUS

2791 321 2871 404 [Ι.
2911 334 3010 402 15.

592 507 948 589 conformes
998 504 1165 589 fieri
1221 504 1539 586 imaginis
1578 501 1730 587 filii
1782 503 1907 580 sui,
1960 512 2038 567 ut
2091 503 2184 567 sit
2231 504 2362 586 ipse
2403 503 2883 588 primogenitus
2939 505 3015 569 in

593 608 824 674 multis
850 606 1208 690 fratribus,
1259 606 1603 670 euidenter
1646 605 1917 669 fratrem
1963 625 2115 669 eum
2163 608 2680 689 primogenitum
2726 629 2871 672 esse
2915 608 3015 671 di-

594 731 751 774 cens
800 729 1070 787 eorum;
1117 718 1186 773 et
1237 709 1349 792 qui
1404 708 1776 772 conformes
1830 707 1924 771 illi
1978 717 2135 772 sunt
2187 719 2458 793 propter
2507 710 3012 774 similitudinem

597 809 779 874 illam
833 830 1035 894 quam
1090 831 1131 874 a
1181 810 1330 873 Deo
1375 810 1645 887 habent,
1700 811 1874 875 iusta
1924 812 2180 875 ratione
2231 832 2384 875 eum
2440 813 2565 876 sibi
2626 812 3014 876 adscribunt

532 935 563 1000 5
596 914 1133 997 primogenitum,
1159 922 1394 995 utpote
1425 914 2029 995 supereminentem
2063 914 2427 977 secundum
2458 914 2630 978 hanc
2668 916 3013 980 rationem.

596 1018 845 1080 etenim
892 1015 1027 1080 illic
1075 1035 1208 1079 non
1254 1016 1432 1079 dixit
1467 1016 1824 1098 conformes
1853 1015 2018 1098 filii,
2052 1016 2171 1080 sed
2217 1017 2536 1100 imaginis
2558 1017 2723 1100 filii,
2778 1019 3012 1101 imagi-

597 1138 752 1181 nem
785 1117 900 1180 filii
945 1117 1276 1181 uisibilem
1316 1125 1623 1181 naturam
1668 1118 2014 1181 euidenter
2064 1118 2314 1182 dicens,
2405 1119 2522 1181 sed
2579 1120 3010 1203 interrogant,

597 1220 1168 1303 quemadmodum
1199 1230 1547 1303 susceptus
1577 1219 1782 1284 homo
1809 1219 2293 1301 primogenitus
2321 1231 2543 1302 potest
2575 1221 2783 1284 uideri
2817 1221 3015 1283 totius

593 1334 940 1406 creatzqrae,
988 1345 1140 1388 curn
1189 1344 1321 1387 non
1366 1325 1454 1387 sit
1498 1333 1657 1388 ante
1694 1343 1965 1386 omnem
2011 1331 2397 1399 creaturam,
2440 1325 2556 1387 sed
2603 1332 2678 1387 ut
2720 1332 2893 1387 esset
2943 1324 3011 1387 in

495 1444 572 1490 10
597 1427 975 1493 nouissimis
1006 1427 1262 1510 accepit
1294 1427 1707 1509 temporibus
1733 1447 1749 1504 ;
1793 1446 1924 1489 non
1958 1426 2436 1508 intellegenteS,
2474 1429 2790 1511 quoniam
2827 1426 3013 1511 †pri-

599 1532 976 1615 mogenitus
1026 1550 1159 1593 non
1215 1538 1519 1612 tempore
1566 1530 1810 1592 dicitur
1859 1527 2077 1591 solum
2130 1531 2247 1593 sed
2294 1538 2363 1593 et
2414 1530 3013 1612 praehonoratione

599 1634 989 1717 frequenter,
1038 1652 1119 1694 eo
1168 1631 1347 1714 quod
1398 1632 1885 1713 primogenitus
1927 1631 2170 1694 dicitur
2211 1632 2533 1696 ueraciter
2572 1633 2853 1708 illorum,
2897 1635 3010 1716 qui

596 1745 751 1819 post
782 1735 970 1798 illum
1012 1734 1218 1817 geniti
1260 1734 1521 1798 fuerint.
1585 1734 1696 1797 ille
1727 1743 1953 1797 tamen
1997 1736 2108 1818 qui
2151 1737 2330 1818 prior
2362 1736 2557 1800 fuerit
2588 1748 2802 1815 natuS,
2835 1740 3010 1804 hunc

597 1838 895 1921 sequitur
922 1836 1293 1900 necessario
1323 1844 1397 1899 ut
1428 1847 1494 1900 et
1525 1836 2061 1919 praehonoretur,
2094 1839 2285 1902 sicuti
2318 1849 2386 1904 et
2418 1850 2692 1905 naturae
2737 1843 2907 1907 ratio
2943 1853 3013 1907 et

497 2054 564 2120 15
728 2030 803 2097 τὸ
849 2034 1253 2119 πρωτότοκος
1300 2029 1417 2095 οὐκ
1461 2030 1570 2095 ἐπὶ
1614 2030 1858 2118 χρόνου
1898 2032 2159 2116 λέγεται
2210 2031 2427 2116 μόνον,
2481 2032 2663 2099 ἀλλὰ
2710 2033 2838 2121 «γὰρ
2897 2034 3011 2101 καὶ

599 2133 711 2200 ἐπὶ
769 2134 1228 2219 προτιμήσεως
1285 2131 1634 2211 πολλάκις,
1693 2132 1777 2205 ὥς
1836 2133 1930 2200 τὸ·
1992 2134 2412 2201 ἑπικαλὲοεταί
2467 2160 2566 2213 Me,
2627 2141 2828 2224 πατήρ
2888 2160 3011 2214 Mor

698 2328 725 2361 α
761 2326 876 2360 eum
899 2311 958 2360 fr.
983 2310 1051 2359 H
1304 2322 1332 2369 3
1366 2317 1416 2358 et
1438 2324 1516 2357 om
1545 2308 1589 2357 C
1609 2309 1762 2369 (corr)
2035 2328 2062 2371 ⁴
2100 2310 2337 2360 adscribit
2367 2311 2412 2359 C
2685 2311 2716 2362 6
2747 2287 2873 2362 illud
2898 2313 3018 2378 (sor

598 2392 720 2456 illic)
746 2392 814 2441 H
1039 2405 1094 2453 15
1130 2406 1203 2455 sq.
1246 2390 1400 2439 Coisl.
1427 2404 1537 2452 204,
1567 2389 1599 2438 s.
1635 2403 1725 2452 145
1751 2404 1783 2438 a
1804 2389 1912 2451 [Cr.
1935 2389 2001 2440 vi.
2031 2389 2143 2455 306,
2173 2392 2216 2440 F
2217 2409 2254 2442 r.
2291 2393 2405 2455 κῃ]
2430 2394 2654 2457 θεόδωρος
2677 2396 2730 2444 δέ
2752 2402 2919 2457 φησιν·
2954 2398 3013 2446 τὸ

599 2475 916 2539 πρωτότοκος,
942 2476 1089 2524 κ.τ.λ.
1125 2471 1305 2536 [Coisl.
1334 2470 1411 2532 26,
1440 2470 1473 2522 s.
1504 2472 1600 2522 280
1621 2471 1692 2533 a].

596 2633 697 2682 and
728 2628 904 2695 notes).
971 2628 1170 2681 Thdt.’s
1199 2637 1540 2694 commentary
1561 2644 1626 2678 on
1656 2628 1756 2679 this

599 2723 702 2764 text
724 2729 935 2778 appears
957 2720 1011 2763 to
1033 2713 1159 2762 have
1184 2713 1310 2761 been
1331 2712 1485 2760 based
1510 2727 1577 2760 on
1594 2709 1756 2767 Th.’s‚

598 2798 763 2847 which
798 2797 840 2846 is
875 2796 1001 2845 lost:
1033 2793 1234 2858 ἀκριβῶς
1266 2795 1318 2843 δὲ
1349 2794 1510 2842 πάντα
1540 2791 1758 2855 φθεγγό-

597 2896 734 2940 μενος
778 2877 862 2927 οὖκ
906 2878 1041 2925 εἶπεν
1084 2874 1453 2939 συμμόρφους
1492 2875 1593 2923 τοῦ
1635 2873 1761 2922 υἱοῦ

599 2958 797 3021 αὐτοῦ,
824 2958 958 3008 ἀλλὰ
982 2946 1082 3018 τῆς
1111 2956 1294 3007 εἰκόνος
1314 2958 1400 3006 τοῦ
1425 2957 1525 3005 ulei?
1544 2954 1753 3005 αὐτοῦ...

599 3044 848 3091 τουτέστιν
885 3040 972 3090 τοῦ
1014 3041 1235 3098 σώματος
1278 3038 1363 3088 τοῦ
1407 3036 1759 3100 υίοῦ...πρωτ6·

600 3143 736 3175 τοκος
771 3126 869 3187 ιγὰρ
900 3122 961 3174 ὠς
989 3123 1239 3185 ἄνθρωπος
1269 3120 1678 3180 ὀνομάζεται...ὦς
1710 3122 1762 3170 δὲ

601 3208 862 3270 ἄνθρωπος,
924 3202 1159 3264 ἀδελφοὺς
1212 3205 1320 3253 τοὺς
1379 3201 1761 3251 πεπιστευκότας

504 3324 507 3327 -
603 3289 758 3337 καλεῖ.
828 3288 926 3335 But
957 3287 1112 3334 Thdt.
1146 3286 1186 3333 is
1214 3284 1286 3334 sar
1317 3284 1443 3332 from
1474 3284 1677 3347 coming
1707 3291 1760 3333 to

603 3369 745 3420 Th.’s
755 3368 1041 3419 conclusion
1056 3368 1163 3417 that
1179 3367 1228 3415 in
1245 3367 1330 3415 the
1346 3375 1542 3430 present
1560 3376 1760 3416 context

603 3449 899 3514 πρωτότοκος
930 3448 971 3496 is
995 3456 1047 3496 to
1071 3448 1133 3496 be
1164 3446 1402 3509 similarly
1426 3447 1727 3496 understood
1747 3461 1760 3504 3

605 3550 692 3595 πρ.
738 3532 896 3579 τοίνυν
943 3532 1075 3578 ἐστὶν
1116 3526 1219 3587 τῆς
1263 3530 1503 3579 κτίσεως
1545 3529 1629 3592 (he
1673 3530 1760 3577 ob·

605 3616 787 3676 serves)
821 3611 914 3672 οὐχ
951 3612 1011 3661 ὡς
1037 3609 1251 3671 ἀδελφὴν
1289 3613 1420 3670 ἔχων
1454 3610 1542 3668 τὴν
1581 3611 1757 3671 κτίσιν,

606 3694 719 3745 ἀλλ’
745 3696 806 3746 ὠς
827 3692 920 3756 πρὸ
942 3694 1102 3751 πάσης
1125 3695 1320 3741 κτίσεως
1341 3695 1606 3752 γεννηθείς.

662 3775 1069 3843 praeordinauit]
1136 3774 1536 3822 Praalcstz‘nauit
1563 3773 1663 3834 (vv.
1688 3771 1763 3837 ll.)

607 3860 649 3908 is
673 3859 798 3907 from
822 3858 906 3907 the
931 3857 997 3906 Ο.
1023 3857 1084 3903 L.
1109 3855 1208 3903 and
1236 3854 1388 3917 Vulg.

675 3944 722 3989 8.
795 3938 1202 4004 quemadmodum
1219 3942 1460 3999 susceptus
1479 3935 1634 3991 homo,
1651 3935 1765 3997 &c.]

610 4024 751 4072 Even
806 4024 858 4071 S.
907 4018 1215 4069 Athanasius
1261 4016 1317 4077 (c.
1359 4017 1549 4067 Arian-
1593 4017 1644 4065 ii.
1681 4015 1766 4081 62)

608 4106 705 4153 had
753 4102 932 4165 sought
978 4109 1030 4151 to
1075 4115 1253 4163 escape
1298 4098 1426 4147 from
1472 4099 1556 4147 the
1607 4099 1765 4148 Arian

608 4183 987 4249 interpretation
1023 4181 1081 4231 of
1110 4181 1406 4243 πρωτότοκος
1441 4181 1505 4243 by
1541 4180 1768 4245 drawing

609 4285 637 4316 a
674 4265 879 4331 parallel
910 4267 1135 4315 between
1167 4264 1279 4313 Col.
1316 4264 1349 4312 i.
1392 4278 1445 4326 15
1479 4263 1577 4312 and
1615 4265 1767 4311 Rom.

610 4348 714 4396 viii.
734 4363 812 4412 29,
836 4346 934 4395 and
959 4344 1195 4408 referring
1217 4352 1270 4393 to
1293 4344 1377 4393 the
1400 4344 1769 4403 σνγκατάβασις

610 4431 667 4480 of
696 4432 779 4481 the
811 4429 967 4478 Wotd
1006 4429 1055 4477 in
1093 4427 1311 4477 creation
1342 4427 1440 4475 and
1476 4427 1525 4475 in
1563 4427 1646 4475 the
1684 4426 1766 4474 In·

1852 2634 2128 2682 carnation.
2197 2633 2465 2684 Marcellus
2507 2635 2748 2685 ventured
2805 2634 3008 2695 further,

1854 2714 1955 2762 and
1998 2714 2179 2764 denied
2225 2715 2331 2765 that
2382 2717 2467 2765 the
2512 2717 2812 2780 preexistent
2852 2717 3012 2766 Word

1856 2808 1958 2843 was
2013 2794 2064 2843 in
2119 2811 2216 2859 any
2265 2812 2408 2846 sense
2463 2814 2545 2858 πρ.
2604 2798 2764 2856 πάσης
2817 2799 3016 2846 κτίσεως

1855 2873 2062 2938 (Euseb.
2117 2894 2153 2926 c.
2217 2878 2382 2926 Marc.
2439 2878 2492 2926 ii.
2550 2893 2627 2941 31,
2698 2880 2872 2943 Migne
2930 2895 3007 2942 24,

1858 2961 1969 3024 798,
2017 2959 2140 3023 sq.).·
2195 2961 2248 3006 οὐ
2295 2960 2452 3006 τοίνυν
2495 2956 2632 3010 οὗτος
2674 2958 2700 3007 ὁ
2747 2960 3017 3022 ἅγιώτατος

1855 3042 2002 3101 λόγος
2027 3043 2121 3103 πρὸ
2147 3043 2231 3101 τῆς
2263 3042 2666 3103 ἐνανθρωπήσεως
2696 3061 2785 3106 πρ.
2823 3042 3015 3104 πάσης

1858 3124 2096 3171 κτίσεως
2133 3119 2385 3179 ὠνόμαστο
2416 3121 2533 3185 (πῶς
2565 3124 2664 3184 ’γὰρ
2699 3124 2896 3172 δυνατὸν
2928 3122 3016 3171 τὸν

1858 3204 1932 3250 ἀεὶ
1973 3201 2091 3250 ὄντα
2135 3199 2438 3262 πρωτότοκον
2475 3204 2598 3250 εἶναί
2640 3220 2764 3253 τινος
2777 3203 2832 3265 ;)·
2889 3201 3019 3253 ἀλλὰ

1857 3281 1942 3331 τὸν
1987 3282 2174 3344 πρῶτον
2231 3281 2392 3331 καινὸν
2447 3281 2696 3345 ἄνθρωπον
2742 3286 2808 3334 είς
2851 3282 2906 3332 ὅν
2950 3282 3018 3332 τὰ

1860 3364 2023 3413 πάντα
2044 3363 2564 3424 ἀνακεφαλαιώσασθαι
2587 3367 2830 3427 ἐβουλήθη
2845 3364 2871 3413 ὁ
2890 3364 3010 3426 θεός,

1860 3448 2028 3494 τοῦτον
2061 3446 2111 3494 αί
2143 3446 2262 3494 θεῖαι
2293 3448 2478 3508 ’γραφαὶ
2503 3464 2592 3509 πρ.
2625 3465 2679 3495 π.
2705 3446 3016 3511 ὀνομάζουσιν

1861 3529 2126 3576 κτίσεως.

1934 3622 1952 3654 1
1967 3623 2008 3655 1.
2076 3622 2176 3656 non
2206 3613 2413 3669 tempore
2441 3606 2489 3655 d.
2523 3623 2563 3654 s.
2595 3606 2681 3654 sed
2702 3613 2749 3655 et
2773 3607 3019 3670 praehon-

1859 3687 2096 3748 oratione]
2164 3687 2246 3737 On
2276 3687 2359 3736 the
2390 3687 2532 3735 other
2559 3688 2692 3736 hand
2719 3688 2927 3751 Chrys.:
2960 3688 3021 3736 τὸ

1861 3770 1955 3833 ιγὰρ
1999 3769 2364 3833 πρωτότοκος
2409 3769 2513 3831 οὐχὶ
2560 3767 2695 3831 ἀξίας
2740 3774 2815 3819 καὶ
2860 3774 3018 3831 τιμῆς.

1864 3851 2000 3901 ἀλλὰ
2061 3852 2236 3915 χρόνου
2300 3850 2446 3911 μόνον
2515 3855 2649 3900 ἐστὶν
2706 3854 3020 3913 σημαντικόν.

1864 3935 2171 3984 Theodore's
2214 3935 2340 3983 view
2385 3934 2426 3983 is
2474 3935 2621 3998 given
2677 3937 2744 3999 by
2791 3937 3023 4000 Pelagius

1865 4017 1964 4064 and
1997 4016 2228 4065 Sedulius
2262 4018 2467 4065 Scotus:
2506 4017 2909 4079 “primqgrmitus
2943 4034 3018 4067 se·

1864 4101 2081 4150 cundum
2121 4099 2361 4163 assumpti
2408 4099 2622 4149 hominis
2663 4100 2870 4148 formam
2915 4116 3021 4150 non

1864 4189 2087 4243 tempore
2126 4180 2212 4228 sed
2258 4179 2463 4239 honore,
2514 4180 2649 4228 iuxta
2687 4179 2839 4229 illud=
2869 4179 3024 4242 filius

1867 4278 2001 4309 meus
2033 4261 2398 4325 primogenitus
2441 4259 2651 4309 Israel-'⁹
2720 4262 2789 4309 So
2831 4261 3022 4310 Prima-

1865 4344 1992 4393 sius:
2043 4344 2256 4392 “omnis
2296 4344 2604 4392 rationabilis
2648 4350 2900 4391 creaturae
2945 4359 3022 4393 se·

1868 4425 2082 4474 cundum
2108 4441 2305 4474 carnem
2331 4425 2515 4489 primus
2539 4422 2791 4473 effectus.''
