3293 5233
609 844 767 917 TH
786 842 1324 918 EODORUS
1436 843 2349 920 MOPSUESTENUS

739 1109 854 1181 IN
954 1107 1602 1183 EPISTOLAM
1697 1107 1777 1183 B.
1879 1109 2217 1184 PAULI

986 1405 1189 1498 AD
1286 1404 1987 1502 GALATAS.

1101 1692 1874 1803 ARGUMENTUM!

406 1923 708 1986 BEATUS
738 1920 1083 2006 apostolus
1118 1920 1360 1985 Paulus
1401 1921 1605 1986 fidem
1648 1943 1822 2006 quae
1866 1923 1932 1987 in
1966 1922 2233 1989 Christo
2265 1934 2366 1989 est
2396 1946 2683 2010 euange-

275 2026 483 2090 lizans
524 2027 708 2089 uenit
748 2026 833 2090 ad
875 2033 1146 2108 gentem
1192 2023 1623 2105 Galatarum;
1686 2046 1857 2109 quos
1887 2036 1955 2091 et
1986 2048 2107 2111 per
2144 2029 2429 2111 gratiam
2470 2033 2682 2095 sancti

277 2128 565 2212 Spiritus
618 2129 713 2192 ita
754 2149 878 2192 sua
924 2127 1353 2191 inluminauit
1405 2127 1727 2202 doctrina,
1772 2137 1843 2193 ut
1898 2130 2101 2194 etiam
2155 2131 2500 2195 credentes
2549 2152 2682 2196 non

273 2230 481 2295 modo
510 2226 1024 2312 baptizarentur,
1057 2229 1176 2293 sed
1209 2229 1411 2292 etiam
1449 2230 1662 2294 sancti
1703 2230 1989 2313 Spiritus
2023 2232 2309 2314 gratiam
2353 2233 2439 2296 ad
2476 2233 2686 2297 instar

272 2343 643 2400 ceterorum
675 2334 972 2398 fidelium
1004 2334 1538 2416 adsequerentur.
1629 2334 1904 2417 quidam
1945 2355 2101 2397 uero
2137 2356 2226 2398 ex
2267 2336 2534 2400 Iudaeis
2568 2336 2682 2418 qui
2755 2347 2786 2412 5

276 2434 543 2503 Christo
601 2438 1036 2511 crediderant,
1089 2457 1297 2519 praua
1348 2436 1531 2500 ducti
1591 2434 2054 2511 aemulatione,
2112 2435 2390 2502 multam
2444 2438 2685 2502 sollici-

273 2543 576 2606 tudinem
609 2542 1086 2628 expendebant
1132 2540 1218 2603 ad
1265 2539 1393 2603 hoc
1439 2548 1510 2603 ut
1555 2539 1916 2603 suaderent
1947 2540 2075 2604 illis
2106 2542 2218 2624 qui
2252 2562 2341 2604 ex
2371 2542 2683 2625 gentibus

274 2648 690 2711 crediderant
735 2647 938 2710 etiam
984 2646 1151 2728 legis
1195 2665 1457 2708 seruare
1502 2645 1839 2708 mandata.
1931 2652 2032 2708 est
2074 2653 2298 2708 autem
2330 2666 2686 2729 argumen-

275 2758 419 2813 tum
460 2749 656 2813 huius
701 2747 1024 2832 epistolae
1072 2746 1359 2831 plurima
1407 2747 1473 2809 in
1525 2755 1715 2828 parte
1761 2748 2172 2811 concordans
2223 2747 2289 2811 in
2338 2748 2464 2812 illis
2510 2770 2686 2832 quae

275 2851 343 2914 in
388 2852 683 2915 secunda
727 2849 813 2914 ad
863 2849 1245 2915 Corinthios
1305 2848 1591 2931 epistola
1651 2869 1972 2930 expressa
2032 2870 2176 2924 esse
2236 2851 2564 2923 uidentur,
2628 2852 2685 2915 si
2721 2872 2798 2918 10

274 2955 423 3038 quis
482 2963 711 3019 tamen
785 2954 926 3017 eius
984 2962 1453 3035 argumentum
1516 2953 1839 3014 ueraciter
1897 2971 2051 3014 cum
2113 2952 2303 3015 istius
2362 2950 2686 3035 epistolae

275 3068 669 3140 argumento
701 3076 1086 3139 comparare
1119 3056 1422 3136 uoluerit.
1514 3064 1837 3118 uenerunt
1879 3077 2038 3139 ergo
2074 3054 2141 3118 hi
2181 3065 2248 3119 et
2286 3057 2373 3120 ad
2413 3068 2684 3138 gentem

277 3160 685 3236 Galatarum,
715 3159 1074 3243 plurimum
1121 3157 1523 3241 derogantes
1569 3157 1954 3241 apostolum
2005 3159 2307 3235 Paulum,
2338 3160 2688 3243 cupientes

372 3330 669 3379 *menum
695 3315 1020 3378 Anouffirvm
1048 3366 1059 3377 .
1086 3340 1145 3377 IN
1196 3340 1463 3378 amsi-om
1511 3340 1679 3379 nnn-1
1731 3340 1896 3379 rAvm
1947 3340 2214 3378 Aros‘rou
2265 3340 2343 3378 An
2393 3341 2691 3379 GALATHAS

274 3423 594 3463 EXPOSITUM
619 3422 655 3459 A
681 3422 862 3460 ΒεΛτο
895 3422 1177 3460 Aunnosto
1213 3423 1472 3460 muscopo
1511 3412 1555 3461 C
1823 3430 1854 3474 4
1888 3412 2041 3460 modo
2062 3428 2139 3460 om
2162 3412 2230 3460 H
2480 3427 2512 3477 9
2545 3428 2684 3463 conc.

271 3491 372 3541 illis
400 3493 444 3542 C
466 3489 609 3554 (corr)
635 3490 717 3553 [cf.
746 3505 796 3555 p.
828 3506 906 3553 51,
934 3490 967 3541 l.
1004 3489 1051 3551 1]
1309 3505 1364 3539 12
1398 3499 1744 3554 argumentum
1771 3491 1848 3541 C·
1874 3491 1967 3554 ΗΙ
1997 3490 2121 3540 ethi
2146 3492 2211 3540 H

339 3722 386 3766 4.
425 3719 466 3753 s.
483 3702 701 3768 Spiritus
709 3704 956 3768 gratiam]
981 3704 1131 3754 Card.
1153 3704 1316 3754 Pitra:
1341 3705 1435 3754 “in
1537 3722 1568 3755 a
1590 3708 1757 3757 writer
1778 3723 1833 3756 as
1850 3706 1987 3770 early
2003 3705 2340 3757 asTheodore
2358 3706 2416 3755 of
2434 3706 2693 3771 Mopsues-

274 3786 449 3851 primis
464 3784 676 3835 intendit
692 3785 940 3835 uisionum
964 3786 1097 3834 dona
1119 3801 1179 3834 ac
1196 3786 1435 3834 uirtutum
1540 3787 1660 3837 tia.’'
1742 3789 1886 3839 Th.’s
1927 3789 2152 3839 ὑπόθεσις
2186 3796 2240 3838 to
2279 3804 2306 3837 2
2351 3790 2465 3839 Cor.
2519 3789 2559 3836 is
2604 3799 2693 3838 not

273 3885 399 3935 quas
431 3869 676 3934 primaeui
703 3867 876 3919 fideles
899 3870 1036 3918 miris
1060 3868 1224 3918 modis
1246 3884 1438 3918 exerce·
1538 3876 1708 3918 extant
1737 3886 1753 3928 ;
1816 3869 1907 3918 but
1961 3869 2048 3918 the
2101 3869 2373 3930 following,
2432 3867 2595 3916 which
2652 3868 2694 3915 is

273 3951 410 4001 bant.
422 3952 452 3975 ”
471 3951 570 4001 See
580 3950 665 4000 the
682 3967 862 4001 comm.
879 3967 945 4000 on
958 3951 1069 4002 Gal.
1078 3953 1145 3999 iv.
1155 3950 1202 4011 6,
1217 3965 1244 3998 2
1259 3952 1437 4001 Thess.
1539 3950 1757 4010 Thdt.’s,
1779 3950 2034 4000 doubtless
2051 3958 2326 4014 represents
2344 3948 2485 3998 Th.'s
2500 3949 2624 3998 view
2643 3949 2702 3998 os

274 4032 325 4082 ii.
345 4030 391 4083 6.
448 4033 548 4082 Th.
567 4033 801 4081 however
815 4032 921 4096 lays
943 4041 1084 4097 great
1107 4040 1254 4082 stress
1273 4049 1338 4083 on
1355 4032 1440 4082 the
1540 4034 1648 4083 that
1672 4033 1877 4098 epistle:
1912 4034 2035 4084 τινὲς
2055 4036 2151 4082 τῶν
2173 4035 2224 4093 ἐξ
2249 4033 2494 4081 Ἰουδαίων
2515 4050 2691 4082 reno·-

274 4114 511 4177 ordinary
542 4114 828 4178 operations
863 4114 921 4163 of
950 4114 1037 4164 the
1075 4114 1216 4178 Holy
1240 4114 1434 4178 Spirit;
1537 4117 1777 4165 τευκότων
1819 4117 1911 4174 τὴν
1955 4115 2151 4174 νομικὴν
2192 4114 2514 4172 ἀσπαζόμενοι
2557 4115 2694 4162 πολι-

275 4211 360 4246 see
383 4211 451 4244 on
475 4194 589 4244 Gal.
621 4194 691 4242 iii.
719 4209 764 4253 α,
796 4210 840 4257 3,
872 4194 1001 4259 Eph.
1028 4195 1062 4242 i.
1096 4210 1169 4256 14,
1196 4210 1257 4257 23
1280 4195 1367 4244 ἃς.
1539 4199 1688 4257 τείαν,
1719 4198 1932 4245 πάντοσε
1956 4196 2339 4257 περινοστοῦντες
2359 4196 2448 4254 τὴν
2482 4191 2692 4244 ἀποστο-

349 4291 421 4328 11.
495 4292 606 4326 cum
630 4277 771 4325 istius
798 4277 927 4340 epist.
957 4277 1094 4341 arg-J
1150 4278 1329 4339 Comp.
1362 4277 1442 4330 Dr,
1540 4280 1681 4337 λικὴν
1717 4279 2031 4327 διδασκαλίαν
2075 4278 2406 4338 διέβαλλον
2431 4277 2697 4338 φυλάττειν

276 4360 557 4425 Lightfoot‚
585 4360 848 4408 Galatiam
870 4376 920 4423 p.
947 4379 1027 4421 44,
1049 4360 1147 4408 and
1167 4370 1315 4408 note:
1348 4360 1437 4408 “it
1540 4360 1725 4408 ἅπασιν
1760 4361 1843 4407 τὸν
1880 4360 2020 4416 νόμον
2054 4355 2438 4419 ταρεγγυῶντες·
2472 4354 2622 4407 ταὺτὸ
2645 4359 2698 4404 δὲ

276 4442 319 4491 is
337 4441 631 4503 interesting
653 4447 706 4489 to
731 4438 834 4488 find
860 4440 966 4488 that
991 4440 1074 4490 the
1101 4439 1439 4489 resemblance
1541 4442 1686 4489 τοῦτο
1721 4442 1800 4489 καί
1834 4442 1883 4490 ἐν
1919 4440 2134 4501 Κορίνθῳ
2162 4437 2459 4500 δεδράκασιν.
2515 4439 2698 4499 γράφει

275 4523 505 4573 between
528 4522 615 4570 the
639 4529 740 4571 two
764 4521 965 4586 epistles
990 4537 1092 4570 was
1110 4521 1352 4570 observed
1372 4521 1437 4583 by
1542 4520 1697 4566 τοίνυν
1722 4518 1747 4567 ὁ
1774 4518 1896 4566 θεῖος
1918 4513 2205 4574 ἀπόστολος,
2236 4533 2324 4564 ecs.
2335 4517 2384 4563 λ.

455 4617 510 4664 S.
2494 4612 2512 4653 ¹
