3293 5233
337 418 452 483 IV.
486 416 791 501 22—24]

1128 429 1211 480 IN
1259 429 1366 481 ΕΡ.
1410 430 1513 481 AD
1559 429 1930 482 EPHESIOS.

2627 425 2746 493 ¹73

331 603 543 668 ‘omni
575 623 664 668 ex
695 612 884 687 parte
913 601 1198 667 audistis
1224 613 1291 667 et
1313 602 1482 668 docti
1506 603 1661 669 estis
1689 602 1776 668 de
1806 601 2074 669 Christo
2105 600 2251 678 ista,
2281 619 2454 684 quae
2494 608 2562 665 et
2593 618 2751 663 uera

334 708 710 772 consistunt
740 716 807 771 et
838 708 932 770 sic
964 727 1036 771 se
1065 706 1393 772 habentl*

465 855 763 937 deponere
790 875 904 918 uos
928 853 1272 917 secundum
1289 853 1651 937 pristinam
1680 851 2217 916 conuersationem
2247 860 2518 913 ueterem
2548 847 2750 911 homi-

336 977 497 1031 nem,
544 955 662 1038 qui
695 955 1134 1037 corrumpitur
1168 954 1512 1018 secundum
1546 953 2106 1038 concupiscentiam
2148 952 2394 1015 erroris
2409 974 2440 1026 ‚·
2486 970 2754 1013 renoua-

338 1057 510 1121 mini
548 1067 763 1120 autem
802 1057 1041 1139 spiritu
1073 1055 1307 1120 mentis
1334 1066 1598 1132 uestrae,
1626 1066 1691 1119 et
1717 1054 1967 1118 induite
1989 1042 2110 1117 'uos
2144 1073 2381 1116 nouum
2416 1051 2753 1124 hominem,
2805 1049 2857 1130 ¹5

337 1160 455 1243 qui
476 1160 819 1224 secundum
849 1162 1065 1224 Deum
1093 1170 1344 1223 creatus
1369 1170 1465 1223 est
1492 1159 1563 1223 in
1594 1159 1851 1227 iustitia
1880 1169 1944 1222 et
1966 1158 2305 1222 sanctitate
2332 1167 2397 1220 et
2422 1156 2707 1220 ueritate.

470 1285 592 1368 †et
651 1288 830 1370 quod
892 1285 1207 1350 mortales
1274 1286 1571 1369 sequitur
1643 1294 1719 1350 ut
1783 1294 2080 1368 peccent,
2142 1282 2527 1347 inmortales
2597 1302 2756 1346 uero

342 1388 557 1453 effecti
613 1389 679 1452 in
740 1389 962 1453 futuro
1022 1388 1287 1452 saeculo
1346 1408 1621 1470 peccare
1669 1387 1843 1452 ultra.
1890 1408 2024 1450 non
2076 1386 2483 1469 poterimus;
2543 1385 2758 1448 forma

341 1499 565 1554 autem
599 1489 771 1553 illius
803 1500 904 1555 est
934 1489 1245 1573 spiritalis
1276 1490 1686 1572 regeneratio
1716 1508 1917 1572 quam
1951 1490 2018 1552 in
2049 1488 2453 1570 baptismate
2482 1485 2757 1569 implere

343 1590 664 1665 uidemur,
695 1592 882 1673 quasi
915 1591 1069 1654 hinc
1102 1593 1233 1655 iam
1266 1592 1537 1655 recreati
1571 1601 1637 1656 et
1669 1591 2034 1655 secundum
2067 1590 2351 1653 formam
2390 1587 2755 1671 regenerati
2791 1601 2870 1650 10

343 1712 463 1774 spe
508 1692 767 1755 illorum
812 1713 983 1775 quae
1028 1702 1096 1756 et
1136 1693 1274 1757 fieri
1325 1703 1804 1775 expectamus;
1849 1693 1976 1756 hoc
2018 1693 2180 1757 dicit
2220 1692 2537 1775 quoniam
2587 1695 2756 1754 ‘non

346 1791 665 1873 ignoratis
713 1793 1006 1858 solutum
1061 1795 1333 1877 quidem
1378 1816 1522 1859 esse
1563 1806 1855 1859 ueterem
1898 1793 2083 1857 illum
2124 1792 2462 1856 hominem
2512 1801 2762 1855 morta-

344 1895 494 1960 lem.
580 1917 793 1960 nouus
844 1918 1000 1961 uero
1047 1898 1322 1981 quidam
1377 1919 1499 1981 pro
1560 1898 1673 1962 illo
1727 1899 1999 1963 indutus
2053 1907 2155 1962 est
2210 1898 2641 1981 incorruptuS,
2690 1899 2759 1961 in

345 1999 534 2061 cuius
574 1998 856 2062 formam
902 1999 1082 2063 illam
1115 2021 1288 2083 quae
1319 2001 1385 2064 in
1428 2002 1834 2084 baptismate
1865 2010 1966 2064 est
2007 1996 2568 2084 [renouationem]
2615 2017 2762 2079 per-

346 2216 498 2304 περὶ
526 2220 642 2284 τοῦ
673 2220 970 2304 Χριστοῦ
1003 2222 1230 2285 ταῦτα·
1277 2216 1446 2305 ὅπερ
1477 2217 1553 2302 δὴ
1587 2218 1698 2286 καὶ
1728 2217 1946 2301 ἀληθῆ
1996 2217 2398 2301 καθέστηκεν
2426 2216 2535 2284 καὶ
2564 2217 2763 2289 οὕτως
2795 2242 2868 2310 15

346 2318 522 2409 ἔχει.’

479 2421 700 2503 ἐπειδὴ
745 2427 878 2494 τοῖς
925 2423 1178 2504 θνητοῖς
1222 2422 1451 2490 ἕπεται
1494 2422 1570 2490 τὸ
1611 2422 2029 2508 ἁμαρτάνειν,
2082 2420 2397 2489 ἀθάνατοι
2458 2421 2531 2487 δὲ
2586 2421 2763 2504 γενό-

346 2551 530 2608 μενοι
607 2523 719 2590 ἐπὶ
790 2526 904 2590 τοῦ
980 2525 1339 2608 μέλλοντος
1416 2524 1643 2596 αἰῶνος
1720 2523 2032 2608 ἁμαρτεῖν
2109 2523 2228 2591 οὐκ
2309 2523 2763 2614 ἐπιδεχόμεθα·

348 2628 691 2712 σύμβολον
764 2626 835 2692 δὲ
907 2627 1150 2694 ἐκείνου
1219 2627 1262 2711 ἦ
1327 2632 1443 2694 τοῦ
1500 2627 1870 2711 πνεύματος·
1922 2627 2352 2709 ἆναΎέννησις
2407 2624 2489 2709 ἢν
2546 2629 2615 2693 έν
2672 2633 2766 2716 τῷ

347 2729 775 2812 βαπτίσματι
833 2732 1225 2813 πληροῦμεν,
1292 2728 1519 2815 ὥσπερ
1578 2728 2058 2811 ἅνακτιζόμενοι
2119 2729 2410 2795 ἐντεῦθεν
2464 2728 2589 2811 ἤδη
2653 2732 2764 2795 καὶ
2789 2749 2875 2797 20

348 2830 851 2914 ἅνωγεννώμενοι
888 2831 1053 2895 κατὰ
1080 2831 1286 2896 τύπον
1316 2829 1536 2896 ἐλπίδι
1565 2835 1694 2896 τῶν
1733 2830 2301 2915 προσδοκωμένων·
2347 2834 2537 2897 τοῦτο
2566 2831 2763 2915 λέγει,

348 2931 451 2999 ὅτι
496 2934 792 3003 ’πάντως
836 2935 954 2997 οὐκ
998 2931 1287 3014 ἀγνοεῖτε
1330 2931 1433 2997 ὅτι
1475 2932 1751 2997 λέλυται
1794 2931 1915 3012 μὲν
1960 2931 1993 2996 ὁ
2037 2931 2320 3002 παλαιὸς·
2360 2932 2699 3016 ἅνθρωπος·
2729 2934 2764 3001 ὁ

348 3033 580 3114 θνητὸς
602 3035 847 3112 ἐκεῖνος,
869 3035 1081 3105 καινὸς
1107 3034 1177 3100 δέ
1198 3061 1294 3105 τις·
1318 3033 1824 3114 ἅντεπεισῆκται
1846 3032 2193 3117 ἄφθαρτος,
2216 3033 2418 3119 οὕπερ
2441 3034 2536 3105 εἰς
2558 3037 2764 3102 τύπον

350 3137 463 3202 ἐπὶ
510 3138 622 3202 τοῦ
665 3137 1137 3218 βαπτίσματος
1183 3135 1655 3219 ἀνακαινισμόν
1702 3135 2025 3220 ἐδέξασθε,
2074 3133 2193 3216 τήν
2237 3139 2352 3202 τοῦ
2401 3140 2766 3220 πνεύματος

450 3317 476 3367 5
513 3313 679 3355 autem
703 3320 781 3353 om
810 3305 885 3355 C·

348 3389 604 3438 nationem
639 3402 717 3435 om
751 3387 796 3436 C
812 3387 882 3435 H

424 3549 467 3582 1.
534 3533 592 3580 de
648 3530 860 3592 Christo]
958 3530 1138 3594 Chrys.
1194 3547 1333 3581 more
1388 3533 1507 3581 ade·
1550 3555 1554 3559 ²

353 3612 579 3678 quately:
615 3610 709 3672 ἄρα.
733 3613 813 3659 καὶ
846 3611 990 3659 τοῦτό
1011 3613 1143 3659 ἐστιν
1166 3616 1179 3639 ‘
1193 3629 1245 3671 μ.
1275 3613 1374 3659 τὸν
1407 3609 1504 3667 Χ.’,

353 3697 410 3743 τὸ
434 3695 580 3756 ὀρθῶς
601 3696 753 3756 βιοῦν·
779 3694 804 3742 ὁ
824 3694 923 3755 γὰρ
955 3693 1169 3754 πονηρῶς
1199 3692 1318 3755 βιῶν
1350 3691 1513 3755 ἀγνοεῖ

354 3776 438 3824 τὸν
460 3776 567 3823 θεὸν
588 3777 666 3823 καὶ
691 3776 940 3836 ἀγνοεῖται
974 3772 1082 3835 παρ’
1113 3776 1273 3823 αὐτοῦ.
1342 3773 1419 3823 Cf.
1450 3774 1507 3824 S.

353 3858 582 3921 Jerome:
644 3856 917 3906 “Christus
972 3856 1105 3905 enim
1155 3858 1219 3906 de
1264 3872 1317 3906 se
1360 3856 1507 3905 docet

357 3937 478 4001 quid
500 3937 580 3993 sit,
599 3942 648 3985 et
672 3945 886 4000 quantus
909 3937 1182 3987 credendus
1204 3937 1284 3993 sit,
1309 3944 1359 3986 et
1381 3952 1508 4001 quae

358 4035 472 4084 spes
494 4019 544 4066 in
568 4033 630 4067 eo
651 4018 731 4077 sit,
760 4027 810 4068 et
832 4018 1004 4083 quales
1026 4019 1241 4068 debeant
1263 4035 1370 4069 esse
1405 4034 1507 4068 cre·

358 4097 587 4151 dente5.”

422 4180 471 4230 6.
528 4181 584 4229 in
617 4181 732 4228 inst.
756 4187 801 4227 et
827 4187 984 4228 sanct.
1006 4188 1051 4229 et
1083 4182 1304 4243 um'late]
1361 4182 1511 4231 Since

358 4262 443 4311 the
467 4260 672 4322 reading
696 4261 772 4307 καὶ
797 4260 997 4321 ἀληθείᾳ
1021 4260 1062 4308 is
1087 4261 1316 4311 confined
1344 4270 1397 4311 to
1426 4264 1512 4312 the

355 4342 547 4393 uncials
569 4341 666 4390 DF
670 4341 719 4390 G
740 4340 841 4390 and
865 4341 1092 4399 ἀληθείας
1112 4342 1153 4391 is
1175 4342 1327 4392 found
1353 4344 1405 4393 in
1428 4344 1513 4394 the

357 4432 461 4474 text
492 4422 551 4472 of
575 4423 660 4471 the
690 4422 832 4472 other
863 4423 964 4472 Gk.
989 4432 1375 4474 commentators
1398 4423 1513 4487 (one

360 4507 475 4556 MS.
523 4504 580 4553 os
618 4503 804 4569 Thpht.
857 4505 993 4568 gives
1038 4506 1116 4553 καὶ
1155 4506 1254 4563 dx..
1293 4506 1380 4554 but
1428 4506 1511 4554 the

1105 3319 1159 3355 ια
1196 3305 1357 3355 solum
1377 3313 1487 3356 tum
1508 3306 1629 3376 (for
1660 3304 1897 3365 solutum)
1932 3304 2000 3353 H

2217 3320 2277 3366 14
2309 3303 2398 3353 ma
2438 3301 2593 3368 CH!
2623 3320 2764 3354 reno-

1607 3545 1788 3580 comm.
1818 3529 1980 3579 shews
2010 3528 2118 3578 that
2152 3528 2239 3578 the
2275 3535 2378 3578 text
2410 3529 2452 3577 is
2484 3528 2763 3591 incorrect)‚

1606 3629 1685 3662 we
1706 3628 1822 3676 may
1844 3612 2059 3677 perhaps
2086 3612 2330 3662 conclude
2358 3613 2465 3662 that
2488 3619 2534 3662 et
2563 3614 2771 3662 ueritate

1606 3694 1650 3743 is
1680 3694 1866 3756 merely
1888 3710 1919 3742 a
1945 3693 2299 3744 reminisceme
2334 3694 2394 3743 os
2419 3695 2504 3745 the
2526 3695 2594 3746 Ο.
2614 3696 2675 3744 L.
2698 3712 2766 3744 on

1608 3778 1693 3827 the
1715 3785 1826 3841 part
1850 3776 1909 3825 os
1926 3777 2009 3825 the
2034 3776 2313 3825 translator.

1679 3870 1719 3920 7.
1795 3858 2021 3907 mortales
2062 3858 2285 3922 sequitur
2315 3865 2374 3906 ut
2398 3859 2612 3922 peccent]
2686 3858 2766 3909 Cf.

1609 3955 1696 4005 pp.
1725 3954 1804 4000 25,
1828 3939 1864 3987 1.
1892 3954 1935 4002 5,
1966 3947 2114 3999 note3
2154 3938 2258 3999 126,
2288 3940 2321 3989 l.
2353 3955 2425 4001 14,
2455 3940 2543 3991 διο.

1682 4036 1756 4069 12.
1823 4027 2026 4068 ueterem
2050 4020 2195 4068 illum
2213 4020 2261 4068 le.
2289 4020 2562 4081 mortalem]
2609 4021 2766 4070 Thdt.

1609 4122 1664 4155 as
1695 4105 1837 4154 usual
1872 4106 1912 4154 is
1946 4105 2182 4169 disposed
2217 4113 2269 4154 to
2304 4112 2416 4169 stop
2449 4105 2585 4154 short
2608 4114 2660 4155 at
2683 4107 2767 4156 the

1609 4186 1790 4236 ethica]
1815 4186 2175 4251 signification:
2209 4188 2421 4236 παλαιὸν
2445 4187 2690 4251 ἄνθρωπον
2712 4192 2767 4238 οὐ

1610 4264 1700 4327 τὴν
1721 4269 1866 4328 φύσιν
1887 4267 2132 4329 ἐκάλεσεν,
2155 4269 2288 4317 ἀλλὰ
2310 4265 2402 4328 τὴν
2422 4269 2510 4328 τῆς
2533 4268 2768 4330 ἁμαρτίας

1615 4347 1871 4408 ἐνέργειαν.

1686 4441 1760 4490 ¹3-
1825 4426 1882 4474 in
1908 4425 2300 4489 cuiusformam,
2329 4424 2445 4491 &ze-J
2497 4426 2571 4477 Cf.
2604 4444 2653 4492 p.
2685 4444 2764 4493 30,

1615 4506 1646 4556 1.
1677 4523 1749 4561 η,
1775 4523 1851 4571 sq.
