3293 5233
315 417 398 481 V.
432 416 731 501 31—33.]
1125 428 1210 480 m
1258 429 1361 480 ΕΡ.
1406 428 1510 479 An
1557 426 1931 480 EPHEsms.
2605 411 2725 490 187

318 602 463 684 ipso
493 602 824 685 exemp10‚
856 599 1207 666 ostendere
1235 600 1509 684 cupiens
1540 601 1681 665 eius
1712 600 2240 678 similitudinem,
2272 596 2726 681 scripturalem

316 705 507 786 ponit
539 725 771 767 uocem
803 705 1066 769 dicens:

431 843 695 915 propter
726 833 839 896 hoc
876 831 1191 912 relinquet
1231 829 1415 893 homo
1446 838 1709 910 patrem
1744 848 1935 890 suum
1981 837 2045 891 et
2093 836 2370 890 matrem
2416 846 2622 902 suam,
2667 834 2732 889 et

313 935 710 1018 adiungetur
734 935 830 998 ad
854 955 1111 997 uxorem
1140 954 1330 997 suam
1353 956 1384 1009 ,·
1427 943 1490 996 et
1516 942 1711 995 erunt
1736 931 1864 995 duo
1894 931 1964 995 in
1992 952 2184 995 carne
2212 951 2361 994 una.

444 1065 684 1147 quibus
715 1074 783 1128 et
814 1063 1088 1127 adiecit:
2799 1062 2830 1130 5

444 1198 820 1279 mysterium
849 1198 961 1261 lzoc
990 1218 1301 1280 magnum
1331 1206 1438 1260 est.

448 1335 515 1387 et
556 1333 628 1387 ut
661 1345 742 1387 ne
775 1324 1080 1387 uideatur
1109 1325 1194 1386 de
1225 1325 1514 1387 uirorum
1549 1332 1616 1386 et
1650 1322 2000 1385 mulierum
2047 1320 2470 1403 copulatione
2508 1322 2728 1385 dicere

316 1427 633 1507 quoniam
666 1430 679 1456 ‘
702 1445 1019 1508 magnum
1053 1435 1153 1488 est
1185 1425 1575 1506 mysterium
1599 1421 1614 1447 ’
1651 1433 1844 1486 caute
1875 1424 2256 1506 prospexit:

443 1579 554 1640 ego
581 1567 797 1620 autem
826 1557 964 1621 dico
994 1558 1064 1620 in
1102 1558 1355 1623 Christo
1383 1568 1445 1619 et
1473 1557 1542 1620 in
1571 1556 1839 1620 ecclesia.

446 1684 631 1767 †hoc
664 1688 807 1750 uult
844 1687 1063 1749 dicere
1094 1686 1410 1768 quoniam
1453 1686 1640 1748 ‘illud
1685 1687 1863 1766 quod
1912 1687 2163 1749 dictum
2215 1687 2280 1748 in
2329 1687 2725 1769 principium
2763 1706 2842 1753 10

317 1790 759 1873 opificationis
803 1791 889 1853 de
935 1788 1316 1852 mulieribus
1354 1800 1421 1852 et
1461 1790 1730 1864 maritiS,
1765 1789 1890 1852 hoc
1934 1792 2214 1872 mystice
2257 1793 2321 1853 in
2364 1791 2629 1855 Christo
2661 1804 2728 1857 et

317 1892 383 1952 in
418 1891 693 1954 ecclesia
725 1890 1070 1972 impletum
1104 1900 1222 1954 est.
1312 1911 1545 1953 omnes
1577 1893 1755 1953 enim
1790 1892 1874 1954 ab
1908 1891 2021 1954 illa
2054 1893 2406 1956 natiuitate
2436 1915 2608 1975 quae
2639 1915 2728 1957 ex

318 2005 505 2078 patre
544 2005 611 2057 et
644 2004 855 2057 matre
884 2003 1025 2057 erat
1056 1995 1382 2076 segregati
1416 2004 1587 2069 sunt,
1634 2015 1714 2056 eo
1759 1995 1939 2075 quod
1972 2006 2039 2058 et
2072 2007 2284 2059 morte
2316 1996 2400 2058 ab
2433 1996 2544 2058 illa
2590 1998 2730 2061 uita

320 2108 474 2161 sunt
514 2100 817 2180 separati.
907 2097 1184 2179 spiritali
1217 2118 1372 2159 uero
1405 2098 1904 2180 regeneratione
1946 2100 2488 2162 resurrectionem
2523 2102 2729 2181 perci-

319 2204 554 2284 pimuS,
618 2201 1034 2264 inenarrabili
1097 2203 1351 2264 ratione
1414 2199 1679 2264 Christo
1734 2201 2041 2284 copulati,
2096 2212 2165 2265 et
2225 2203 2727 2267 similitudinem
2764 2219 2834 2287 15

319 2303 812 2366 inmortalitatis
843 2305 984 2366 eius
1015 2314 1279 2366 cautam
1323 2300 1807 2385 percipimusst*
1871 2315 1936 2367 et
1968 2305 2326 2367 ostendens
2359 2325 2476 2386 per
2505 2306 2731 2367 omnIa

320 2406 818 2469 similitudinem
869 2407 1128 2469 illorum
1161 2427 1331 2488 quae
1362 2427 1401 2469 a
1436 2406 1702 2471 Christo
1749 2419 1920 2482 sunt,
1969 2418 2036 2471 et
2076 2411 2390 2490 quoniam
2429 2412 2732 2475 similiter

320 2509 444 2571 illis
487 2519 552 2573 et
594 2509 957 2572 secundum
1004 2510 1327 2571 rationem
1367 2520 1640 2572 naturae
1683 2518 1750 2571 et
1788 2512 2152 2572 secundum
2197 2512 2521 2574 rationem
2577 2511 2729 2575 fidei

319 2620 514 2692 aptus
546 2622 646 2673 est
677 2632 1037 2673 consensus
1070 2610 1176 2673 ille
1208 2611 1319 2693 qui
1353 2621 1454 2673 est
1486 2632 1637 2674 cum
1673 2612 2008 2687 uxoribuS,
2043 2612 2284 2676 adiecit
2311 2635 2324 2677 ε

448 2766 889 2817 uerumtamen
924 2764 988 2816 et
1020 2774 1132 2816 uos
1168 2753 1433 2835 singuli,
1465 2755 1899 2836 unusquisque
1934 2776 2124 2818 snam
2171 2777 2430 2820 uxorem
2460 2757 2554 2820 sic
2579 2757 2730 2822 dili·
2758 2778 2843 2826 20

306 2868 433 2939 gat
459 2857 624 2919 sicut
649 2856 941 2935 seipsum.

444 2986 685 3047 deinde
718 2995 783 3047 et
815 2986 898 3046 de
932 2984 1346 3046 mulieribus:

448 3131 611 3173 uxor
639 3132 801 3185 uere,
836 3121 910 3172 ut
939 3110 1165 3172 timeat
1193 3109 1527 3173 maritum.

448 3290 608 3376 ὅπερ
664 3289 916 3375 (φησὶν)
968 3289 1211 3373 εἴρηται
1265 3290 1331 3353 ἐν
1382 3287 1558 3375 α’ρχῇ
1616 3292 1730 3369 τῆς
1782 3287 2197 3372 δημιουργίας
2249 3290 2401 3374 περὶ
2444 3293 2576 3356 τῶν
2620 3318 2730 3374 γυ-

318 3396 553 3459 ναικῶν
592 3392 703 3457 καὶ
747 3394 873 3457 τῶν
918 3388 1180 3474 ἀνδρῶν,
1211 3394 1401 3456 τοῦτο
1435 3390 1919 3477 μυστικώτερον
1964 3391 2074 3455 ἐπὶ
2119 3393 2231 3456 τοῦ
2277 3394 2569 3480 Χριστοῦ
2618 3393 2727 3458 καὶ
2755 3407 2832 3473 25

317 3501 430 3576 τῆς
462 3494 813 3575 ἐκκλησίας
842 3494 1293 3579 πεπλήρωται·
1339 3492 1577 3562 πάντες
1617 3492 1747 3576 *γὰρ
1794 3496 1907 3573 τῆς
1954 3493 2025 3558 ἐκ
2071 3493 2318 3578 πατρὸς
2348 3496 2457 3560 καὶ
2485 3496 2730 3584 μητρὸς

314 3597 669 3682 *γεννήσεως
701 3597 819 3679 ἔξω
848 3596 1189 3678 «γενόμενοι,
1222 3593 1339 3661 ὅτε
1376 3595 1452 3677 δὴ
1495 3596 1603 3660 καὶ
1642 3595 1902 3680 θανάτῳ
1942 3595 2377 3683 χωρισθέντες
2414 3600 2527 3678 τῆς
2567 3601 2729 3679 ζωῆς

316 3701 570 3781 ἐκείνης,
626 3701 1026 3781 πνευματικῇ
1100 3691 1180 3782 τῇ
1253 3697 1674 3781 ἅνωγεννήσει
1746 3698 1869 3779 τὴν
1947 3695 2316 3763 ἀνάστασιν
2386 3697 2724 3788 δεχόμεθα,

314 3803 662 3891 ἀπορρήτῳ
713 3802 892 3886 λόγῳ
944 3804 1035 3888 τῷ
1085 3803 1359 3888 Χριστῷ
1420 3798 1917 3879 συναπτόμενοι,
1976 3800 2087 3866 καὶ
2137 3802 2255 3881 τὴν
2312 3802 2474 3888 πρὸς
2533 3802 2729 3870 αὐτὸν

314 3905 667 3989 ὁμοιότητα
698 3907 813 3985 τῆς
845 3902 1206 3973 ἀθανασίας
1237 3902 1493 3990 ἀκριβῆ
1520 3902 1987 3982 λαμβάνοντες.
2754 3929 2837 3992 30

411 4075 439 4122 3
466 4056 695 4120 relinquit
725 4056 767 4104 C
782 4057 846 4103 Il
955 4066 981 4114 5
1008 4054 1158 4104 adicit
1188 4056 1230 4103 C
1361 4068 1385 4116 7
1412 4064 1464 4103 ut
1488 4071 1564 4102 om
1595 4056 1637 4102 C
1664 4052 1671 4117 1
1702 4055 2070 4118 copulationem
2101 4056 2144 4104 C
2151 4054 2177 4080 ⁴*
2317 4070 2370 4116 15
2398 4057 2726 4108 inenarrabile

314 4140 407 4189 H*
571 4136 625 4186 16
662 4137 972 4199 percepimus
1001 4135 1045 4184 C
1194 4151 1257 4186 20
1290 4144 1343 4184 ut
1382 4136 1486 4198 (bes
1506 4140 1667 4194 suam)
1692 4136 1795 4182 add
1818 4136 1860 4184 C
2014 4151 2073 4198 ²3
2110 4152 2227 4184 uero
2251 4153 2326 4184 om
2350 4137 2413 4184 H
2563 4155 2621 4200 24
2646 4156 2719 4203 sq.

316 4222 470 4272 Coisl.
497 4237 609 4282 204,
634 4220 666 4269 f.
703 4235 793 4269 100
816 4218 849 4267 b
873 4219 977 4280 [Cr.
1008 4217 1072 4267 vi.
1104 4231 1214 4280 207,
1243 4218 1325 4267 Fr.
1364 4217 1475 4281 136]
1499 4220 1730 4281 θεόδωρος
1754 4219 1804 4266 δέ
1835 4224 2005 4278 φησιν·
2042 4220 2177 4280 ὅπερ,
2210 4221 2373 4281 φησίν,
2403 4224 2563 4269 κ.τ.λ.

386 4375 424 4409 1.
498 4359 660 4420 script.
679 4364 737 4419 p.
764 4356 941 4416 uocem]
977 4356 1105 4403 Gen.
1133 4355 1179 4402 ii.
1214 4371 1290 4417 24.
1572 4364 1623 4404 to
1649 4355 1790 4418 point
1816 4363 1867 4404 to
1891 4355 1975 4404 the
1999 4355 2206 4417 reading
2228 4357 2345 4416 πρὸς
2368 4356 2456 4412 τὴν
2476 4357 2691 4414 γυναῖκα.

380 4461 426 4503 4.
514 4439 835 4502 ade‘ungclur]
928 4438 1078 4500 Vulg.
1125 4438 1224 4484 and
1272 4437 1338 4485 O.
1382 4437 1462 4494 L.,
1635 4437 1681 4487 6.
1757 4437 2057 4500 mysterium]
2080 4439 2147 4487 So
2167 4438 2317 4495 Iron„
2334 4438 2457 4498 Hil.‚
2475 4439 2728 4489 Ambrstr.

314 4525 600 4574 adhaerebit.
656 4526 690 4548 ‘⁸
709 4523 926 4585 Adiung.
949 4523 1020 4569 ad
1038 4536 1241 4569 uxorem
1258 4519 1286 4539 ”
1310 4536 1468 4569 seems
