3293 5233
363 389 489 454 111.
526 405 626 474 27,
656 389 785 476 28.]
1181 403 1265 454 m
1313 402 1418 455 ΕΡ.
1464 402 1567 454 An
1614 401 1968 457 GALATAS.
2038 411 2045 415 ·
2090 412 2097 421 ·
2697 402 2779 471 57

489 576 668 658 quod
723 575 888 640 dicit
937 573 1073 639 tale
1125 583 1256 640 est:
1302 572 1765 659 †‘praesentis
1805 560 1993 640 ⁸uitae'
2035 575 2431 660 principium
2477 576 2777 642 omnium

359 679 588 744 Adam
637 679 882 743 extitit.
972 679 1214 743 residui
1262 699 1422 742 uero
1452 677 1777 756 homineS,
1806 699 2041 743 omnes
2072 679 2475 763 quicumque
2497 681 2563 743 in
2590 700 2778 763 prae-

359 782 530 845 senti
582 780 725 844 uita
772 779 912 844 nati
966 800 1111 844 esse
1171 788 1551 857 noscuntur,
1608 800 2036 844 communem
2088 782 2177 845 ab
2231 781 2344 845 illo
2405 780 2780 845 habuerunt

361 885 739 947 essentiam.
831 885 1087 948 ratione
1131 893 1359 948 autem
1405 894 1701 960 naturae,
1757 905 1927 949 unus
1977 887 2182 949 homo
2234 905 2468 950 omnes
2515 903 2778 962 sumus;

360 987 447 1049 ad
495 1006 922 1051 communem
971 987 1150 1050 enim
1199 986 1706 1063 humanitatem,
1759 997 2104 1071 tamquam
2168 987 2451 1051 membri
2503 988 2778 1051 alicuius
2851 1004 2884 1073 5

361 1091 662 1154 ordinem
723 1092 1175 1173 unusquisque
1236 1102 1535 1153 nostrum
1596 1091 1873 1174 implere
1924 1092 2205 1156 uidetur.
2294 1092 2389 1155 sie
2436 1092 2664 1174 itaque
2711 1101 2780 1155 et

361 1195 429 1257 in
461 1193 681 1258 sutura
712 1196 853 1259 uita
901 1195 1013 1258 illa
1059 1194 1413 1271 inmortali,
1445 1214 1618 1278 quae
1660 1204 1813 1277 post
1853 1196 2397 1259 resurrectionem
2430 1196 2570 1271 erit,
2601 1194 2779 1276 prin-

362 1298 608 1380 cipium
668 1298 938 1381 quidem
1003 1299 1183 1363 uitae
1231 1297 1406 1361 illius
1455 1308 1557 1362 est
1605 1298 1673 1360 in
1727 1298 2010 1364 Christo,
2100 1318 2332 1362 omnes
2380 1308 2604 1361 autem
2661 1298 2776 1380 qui

361 1403 934 1465 communicamus
993 1403 1052 1466 ei
1114 1412 1183 1467 et
1235 1403 1301 1465 in
1365 1394 1840 1466 resurrectione
1892 1412 1959 1467 et
2019 1403 2086 1465 in
2137 1403 2612 1466 inmortalitate
2664 1400 2778 1464 illa

362 1524 533 1586 quae
563 1514 718 1586 post
749 1505 1296 1568 resurrectionem
1337 1513 1454 1582 est,
1500 1514 1844 1588 tamquam
1895 1525 2065 1569 unus
2109 1505 2429 1569 efficimur
2472 1505 2559 1567 ad
2606 1522 2778 1578 eum,
2813 1529 2894 1578 10

365 1606 525 1669 dum
561 1607 996 1672 similitudine
1043 1630 1258 1673 rerum
1306 1609 1584 1672 membri
1631 1609 1932 1673 ordinem
1978 1611 2432 1692 unusquisque
2477 1617 2777 1672 nostrum

362 1711 660 1774 obtinere
691 1711 955 1775 uidetur
984 1713 1071 1775 ad
1099 1712 1286 1775 illum
1317 1712 1498 1794 quod
1530 1732 1888 1775 commune
1929 1721 2046 1776 est.
2137 1722 2295 1777 tunc
2339 1714 2540 1795 igitur
2586 1733 2784 1795 neque

363 1815 699 1890 masculus,
750 1836 945 1898 neque
986 1815 1255 1898 semina
1316 1816 1684 1881 uidebitur:
1752 1836 1888 1879 non
1956 1817 2135 1880 enim
2205 1827 2307 1882 est
2358 1818 2608 1881 nubere
2661 1825 2778 1881 aut

365 1927 575 2000 nuptu
636 1919 827 1982 tradi.
915 1939 1112 2002 neque
1163 1918 1465 1993 Iudaeus,
1518 1939 1716 2002 neque
1751 1919 2068 2002 gentilis:
2135 1940 2268 1983 non
2320 1921 2499 1983 enim
2555 1920 2775 1984 locum

362 2020 566 2086 habet
617 2023 1028 2088 circumcisio
1079 2025 1144 2087 in
1195 2024 1530 2088 inmortali
1581 2034 1820 2087 natura
1836 2045 1852 2102 ;
1920 2045 2135 2107 neque
2183 2024 2553 2088 discernere
2600 2023 2886 2111 quis-15

366 2147 566 2210 quam
608 2127 853 2208 poterit
898 2128 1359 2191 circumcisum
1397 2129 1483 2191 ab
1526 2148 1606 2191 eo
1649 2129 1762 2210 qui
1816 2129 2239 2211 praeputium
2277 2128 2496 2192 habet.
2586 2149 2780 2210 neque

362 2252 604 2307 seruus,
645 2252 840 2315 neque
881 2231 1073 2295 liber:
1117 2231 1336 2293 omnis
1383 2230 1561 2294 enim
1610 2251 1827 2294 rerum
1874 2232 2160 2295 uarietas
2207 2231 2330 2295 erit
2373 2241 2534 2295 tunc
2580 2231 2778 2295 inter-

366 2335 627 2418 empta.'

493 2599 608 2678 τῆς
636 2595 970 2685 παρούσης
1002 2598 1156 2682 ζωῆς
1185 2596 1359 2688 άρχῆ
1389 2596 1509 2682 μὲν
1537 2601 1666 2669 τοῖς
1710 2598 1919 2664 πᾶσιν
1955 2595 1989 2664 ὁ
2032 2596 2261 2682 Ἀδάμ.
2317 2596 2405 2668 εἷς
2437 2595 2505 2664 δὲ
2536 2595 2778 2683 ἅνθρω-

362 2725 485 2771 πος
513 2698 579 2765 οἱ
620 2700 854 2770 πάντες
901 2702 1095 2784 ἐσμὲν
1138 2704 1230 2788 τῷ
1271 2700 1446 2786 λόγῳ
1491 2704 1606 2783 τῆς
1652 2701 1919 2787 φύσεως,
1953 2700 2114 2787 πρὸς
2157 2700 2284 2786 «γὰρ
2329 2700 2404 2782 δὴ
2450 2699 2527 2766 τὸ
2572 2699 2779 2765 κοινὸν
2807 2724 2893 2773 20

367 2802 647 2891 ὦσπερεὶ
693 2804 926 2887 μέλους
965 2803 1154 2886 τάξιν
1206 2802 1240 2869 ὁ
1282 2803 1498 2872 καθεὶς
1532 2803 1713 2886 ἡμῶν
1743 2804 1982 2890 ἐπέχει·
2023 2802 2223 2874 οὕτως
2270 2803 2347 2885 δὴ
2389 2803 2498 2868 καὶ
2529 2804 2637 2868 ἐπὶ
2665 2806 2780 2883 τῆς

363 2904 731 2988 μελλούσης
782 2906 936 2985 ζωῆς
990 2903 1165 2992 ἁρχὴ
1210 2906 1327 2989 μὲν
1378 2904 1412 2970 ὁ
1459 2903 1763 2992 Χριστός,
1818 2905 2060 2975 πάντες
2108 2904 2178 2969 δὲ
2229 2905 2293 2970 οἱ
2336 2907 2780 2973 κοινωνοῦντες

364 3008 536 3096 αὐτῷ
579 3013 693 3092 τῆς
721 3008 1139 3079 ἀναστάσεως
1169 3008 1277 3074 καὶ
1307 3012 1418 3090 τῆς
1439 3009 1601 3090 μετὰ
1630 3010 1746 3089 τὴν
1772 3006 2139 3074 ἀνάστασιν
2169 3007 2528 3077 ἀθανασίας
2558 3005 2779 3093 ὥσπερ

366 3113 455 3185 εἷς
481 3113 794 3197 «γινόμεθα
822 3111 989 3199 πρὸς
1024 3111 1232 3191 αὐτόν,
1265 3115 1346 3196 τῇ
1387 3111 1718 3193 ὁμοιότητι
1754 3115 1869 3177 τοῦ
1906 3110 2291 3196 πράγματος
2325 3109 2559 3194 μέλους
2596 3111 2781 3194 τάξιν

365 3220 525 3305 πρὸς
582 3216 657 3283 τὸ
719 3216 929 3284 κοινὸν
971 3221 1085 3283 τοῦ
1132 3215 1277 3281 καθ’
1328 3215 1438 3281 ἕνα
1481 3214 1665 3296 ἡμῶν
1710 3214 2065 3303 ἐπέχοντες.
2156 3212 2307 3280 τότε
2350 3212 2564 3278 τοίνυν
2608 3213 2780 3280 οὔτε
2810 3243 2845 3288 2
2857 3240 2888 3307 5

369 3323 602 3409 ἄρσεν
638 3321 810 3389 οὔτε
863 3322 1054 3402 θῆλυ
1093 3322 1446 3407 θεωρεῖται,
1484 3319 1557 3386 οὐ
1591 3322 1722 3407 «γάρ
1769 3321 1950 3385 ἐστιν
1981 3320 2279 3404 «γαμῆσαι
2324 3316 2364 3400 ἢ
2398 3316 2780 3401 γαμηθῆναι·

368 3429 537 3495 οὔτε
592 3425 951 3498 Ἰουδαῖος
1009 3426 1176 3493 οὔτε
1218 3425 1531 3505 “Ελλην,
1593 3422 1737 3490 οὐδὲ
1791 3424 1917 3511 «γὰρ
1977 3421 2290 3509 περιτομὴ
2353 3423 2419 3487 ἐν
2480 3418 2783 3506 ἀθανάτῳ

370 3531 564 3620 φύσει
609 3530 832 3619 χώραν
878 3531 1031 3620 ἔχει,
1084 3528 1253 3596 ὥστε
1301 3528 1707 3613 διακριθῆναι
1752 3525 2299 3612 περιτετμημένοι)
2350 3525 2783 3612 ἀκρόβνστον·

369 3636 538 3702 οὔτε
585 3634 852 3705 δοῦλος
899 3633 1068 3700 οὔτε
1119 3631 1529 3719 ἐλεύθερος,
1582 3634 1774 3697 πᾶσα
1820 3630 1946 3716 ’γὰρ
1995 3628 2333 3716 ἀνωμαλία
2385 3627 2786 3716 πραγμάτων

369 3736 699 3825 ἀνῄρηται.
2816 3751 2899 3813 30

466 3948 497 3990 4
532 3928 774 3975 rationem
798 3925 864 3974 H
1075 3939 1106 3988 9
1143 3923 1192 3971 in
1215 3922 1622 3972 resurrectionem
1646 3929 1697 3971 et
1720 3921 2124 3970 inmortalitatem
2151 3920 2237 3969 illa
2260 3919 2326 3968 II
2521 3935 2539 3967 1
2554 3934 2572 3968 1
2612 3918 2785 3967 simili·

369 4009 591 4058 tudinem
621 4007 770 4057 (5⁴ss
929 4022 985 4070 ¹3
1020 4022 1125 4054 esse
1150 4004 1264 4069 (sor
1283 4006 1376 4064 est)
1407 4003 1551 4054 cvl
1746 4017 1801 4066 17
1837 4019 2011 4052 omnes
2039 4001 2112 4051 C·
2303 4015 2360 4064 19
2383 4015 2458 4063 sq.
2484 3998 2641 4047 Coisl.
2670 4012 2782 4059 204,

373 4090 403 4139 s.
438 4106 498 4155 29
521 4107 564 4148 a,
593 4091 626 4139 b
652 4090 759 4152 [Cr.
786 4089 851 4136 vi.
881 4102 959 4152 59,
984 4087 1064 4148 60,
1097 4089 1177 4136 Fr.
1211 4099 1317 4146 125,
1350 4086 1477 4146 126].
1522 4085 1762 4147 θεόδωρος.
1810 4086 1958 4134 ἄλλος
1988 4101 2058 4133 τις
2080 4085 2136 4132 τὸ
2160 4084 2275 4131 αὐτὸ
2297 4082 2442 4144 ῥητὸν
2464 4081 2609 4130 οὕτως
2632 4082 2783 4141 λέγει·

371 4176 456 4233 τῆς
477 4190 612 4234 παρ,
640 4175 789 4221 κ.τ.λ.
1028 4171 1089 4219 28
1124 4170 1527 4231 περιτετμημένον
1550 4170 1634 4216 Cr.

441 4363 484 4395 2.
555 4343 1196 4409 quicumque..‚nese-untur]
1238 4344 1528 4403 οῑ.,.·γνωρι-
1633 4342 1712 4402 38,
1747 4338 1969 4400 “nuptui
2005 4336 2253 4400 (nuptum,
2288 4334 2398 4383 cod.
2437 4336 2653 4395 Ame'at.)
2690 4345 2783 4386 tra-

376 4427 588 4494 ζόμενοιι
624 4425 686 4475 cf.
713 4441 765 4489 p.
791 4439 836 4487 5,
866 4425 920 4473 11.
947 4440 964 4472 1
976 4439 1023 4486 5.
1054 4427 1125 4474 18.
1630 4416 2260 4480 dentes”=e'x·yau13·ov·rcs.
2287 4416 2368 4464 On
2386 4417 2468 4465 the
2485 4416 2783 4481 datampln,

446 4521 520 4564 ¹4·
568 4514 727 4569 nuptu
747 4506 908 4566 tradi]
941 4505 1020 4554 Cf.
1039 4506 1207 4568 Vulg..
1230 4506 1375 4554 Matt.
1398 4503 1528 4551 xxiv.
1630 4501 1695 4550 cf.
1723 4498 2056 4555 Hildebrand,
2082 4497 2236 4561 Apul.
2262 4496 2293 4545 i.
2325 4514 2406 4562 pp.
2437 4509 2516 4559 27,
2547 4512 2651 4559 154·
