3293 5233
289 428 416 491 111.
452 427 579 512 23.]
1100 439 1184 490 IN
1234 440 1337 491 ΕΡ.
1384 438 1486 489 AD
1533 438 1887 493 GALATAS.
2618 441 2689 507 51

280 615 644 680 concordat
688 612 818 678 hoc
863 613 929 677 in
976 611 1125 677 loco
1169 612 1422 677 dictum
1468 610 1787 687 conclusit,
1826 632 1979 677 cum
2020 611 2138 677 illo
2178 612 2362 678 dicto
2401 613 2584 696 quod
2627 623 2695 678 et

280 719 368 783 ad
420 719 764 783 Romanos
809 717 1012 781 dixit:
1065 716 1369 780 conclusit
1406 714 1579 778 enim
1623 715 1806 778 Deus
1848 736 2065 779 omnes
2108 714 2181 780 in
2226 715 2691 781 incredulitate.

280 822 498 886 simile
544 822 721 886 enim
768 829 870 885 est
914 829 984 885 et
1028 841 1194 883 uoce
1239 828 1307 884 et
1353 818 1641 901 negotio,
1744 818 1877 882 illic
1923 819 2100 901 enim
2147 820 2518 884 secundum
2563 820 2735 886 hoc·

280 923 443 987 dicit
503 944 623 988 nos
683 944 830 987 esse
872 923 1236 1000 conclusos,
1283 921 1651 985 secundum
1698 921 1880 1004 quod
1927 920 1995 984 in
2040 922 2373 1004 praesenti
2419 922 2690 988 saeculo

280 1026 627 1091 infirmitas
673 1036 902 1090 nostra
944 1028 1278 1109 arguitur3
1333 1032 1495 1087 tunc
1547 1044 1707 1088 uero
1763 1024 1892 1088 Dei
1945 1026 2280 1107 potiemur
2325 1027 2690 1092 misericor·
2765 1036 2797 1104 5

276 1129 476 1193 diam.
568 1129 748 1211 quod
782 1128 1077 1192 maxime
1108 1148 1506 1211 cognoscere
1535 1127 1686 1208 quis
1715 1128 1982 1210 poterit,
2015 1131 2272 1192 cautius
2303 1129 2358 1193 si
2390 1139 2688 1195 nostram

279 1231 623 1296 decurrere
664 1232 950 1295 uoluerit
996 1231 1629 1313 interpretationem,
1664 1229 1731 1291 in
1777 1249 1911 1311 qua
1953 1229 2152 1294 latius
2198 1230 2266 1294 id
2312 1231 2689 1315 explicasse

278 1332 597 1398 uidemur.
686 1343 756 1398 et
799 1333 928 1397 hoc
978 1333 1045 1396 in
1087 1332 1235 1397 loco
1281 1332 1412 1396 hoc'
1463 1333 1624 1396 dicit
1677 1331 1993 1413 quoniam
2027 1333 2410 1398 ‘infirmitas
2460 1345 2688 1399 nostra

274 1445 546 1501 ostensa
592 1445 695 1500 est
744 1436 859 1501 illa
908 1436 1056 1520 lege
1108 1458 1281 1519 quae
1333 1437 1589 1501 dudum
1639 1437 1802 1500 data
1850 1446 1968 1514 est,
2014 1458 2097 1501 eo
2156 1439 2338 1522 quod
2401 1440 2687 1524 dirigere

277 1538 441 1603 illud
496 1541 676 1623 quod
743 1540 935 1605 nobis
986 1541 1388 1604 conueniens
1439 1549 1542 1604 est
1594 1559 1729 1602 non
1780 1559 2148 1621 possumus
2243 1543 2310 1605 in
2355 1554 2683 1625 quantum
2723 1559 2799 1607 10

275 1643 453 1707 enim
514 1643 627 1707 lex
690 1653 965 1726 peccata
1024 1664 1259 1706 cauere
1320 1642 1633 1716 decernit,
1689 1650 1882 1706 tanto
1938 1644 2150 1725 magis
2203 1644 2489 1708 scientes
2544 1648 2683 1711 eius

274 1747 674 1830 prauitatem
708 1747 1005 1828 cogimur
1040 1745 1374 1828 propriam
1411 1746 1655 1809 sentire
1697 1745 2170 1823 infirmitatem,
2210 1768 2290 1811 eo
2321 1749 2502 1830 quod
2549 1770 2682 1813 non

276 1871 630 1933 possumus
682 1871 878 1934 agere
930 1849 1095 1911 illud
1145 1848 1328 1930 quod
1378 1849 1570 1912 nobis
1625 1848 1878 1912 bonum
1928 1870 2072 1912 esse
2116 1850 2381 1914 uidetur
2409 1872 2425 1929 3
2472 1853 2566 1917 ita
2610 1866 2683 1919 ut

275 1976 364 2018 ex
418 1954 563 2037 ipsa
610 1954 1111 2036 comparatione
1166 1953 1295 2015 Dei
1357 1952 1424 2014 in
1478 1972 1601 2014 nos
1650 1953 1863 2014 maior
1913 1953 2237 2034 adpareat
2281 1956 2516 2036 gratia,
2567 1958 2681 2040 qui

276 2057 466 2121 nobis
506 2058 662 2123 fecit
706 2058 920 2121 inesse
961 2075 1112 2119 cum
1144 2055 1326 2119 omni
1370 2054 1711 2133 facilitate,
1744 2056 1925 2136 quod
1966 2056 2090 2138 ipsi
2133 2057 2326 2121 nobis
2373 2077 2496 2122 nec
2527 2048 2676 2123 cum
2719 2074 2788 2141 15

274 2161 499 2224 labore
550 2161 850 2223 maximo
899 2159 1245 2241 adquirere
1297 2158 1638 2241 potuimus
1692 2157 1922 2235 securi,
1965 2166 2034 2221 et
2075 2159 2346 2241 quidem
2396 2163 2682 2228 scientes

273 2265 588 2347 quoniam
640 2262 890 2327 malum
939 2271 1039 2325 est
1089 2282 1376 2344 peccare.
1468 2262 1650 2345 quod
1701 2270 1768 2325 et
1817 2282 2052 2325 cauere
2102 2262 2298 2326 ualde
2352 2266 2680 2343 uolumus,

273 2389 354 2432 eo
402 2368 582 2449 quod
626 2367 769 2450 ipsa
815 2365 928 2429 lex
977 2366 1168 2428 nobis
1212 2365 1548 2444 ostendit;
1611 2365 1731 2428 sed
1781 2385 1914 2429 non
1962 2385 2317 2447 possumus
2359 2367 2428 2430 id
2473 2389 2680 2452 expe-

271 2471 432 2549 dire,
468 2471 717 2548 fratres,
751 2479 1027 2533 naturae
1059 2467 1481 2531 infirmitate?

399 2572 486 2637 ad
541 2594 731 2637 suam
793 2574 1030 2637 iterum
1092 2571 1510 2655 sequentiam
1574 2570 1847 2634 recurrit
1906 2572 2267 2653 apostolus
2381 2575 2679 2640 ostendit
2709 2597 2794 2643 20

271 2678 541 2759 quidem
592 2678 754 2759 legis
799 2678 1175 2752 utilitatem,
1227 2698 1315 2739 ex
1363 2678 1548 2739 cuius
1594 2677 2094 2759 comparatione
2146 2680 2677 2761 magnitudinem

271 2802 494 2845 eorum
530 2781 824 2864 publicat
856 2802 1027 2864 quae
1057 2789 1212 2843 sunt
1244 2782 1609 2845 secundum
1645 2781 2004 2876 Christum.

379 2900 775 2981 priusquam
821 2900 1070 2963 ueniret
1113 2899 1378 2983 (inquit)
1413 2898 1603 2980 fides,
1655 2896 1771 2961 sub
1815 2898 1948 2979 lege
1982 2900 2497 2965 custodiebanmr
2536 2927 2676 2970 con-

267 3002 431 3065 clusi
472 3004 541 3066 in
586 3023 726 3065 cam
754 3001 977 3086 fldem,
1024 3024 1187 3085 quae
1230 3000 1569 3083 z'nczpz'ebat
1611 3003 1905 3066 reuelart'.

397 3119 838 3203 †notandum
895 3129 996 3184 est
1064 3121 1130 3183 in
1189 3120 1290 3183 his
1360 3120 1522 3183 illud
1590 3121 1903 3191 maxime,
1966 3120 2147 3201 quod
2210 3121 2439 3205 multis
2509 3123 2670 3188 utile
2702 3141 2780 3206 25

265 3246 410 3289 esse
471 3225 734 3289 uidetur
794 3224 946 3304 (illis
1005 3233 1231 3288 tamen
1295 3225 1406 3306 qui
1467 3224 1733 3304 sciunt),
1797 3225 2113 3306 quoniam
2175 3225 2438 3290 illorum
2500 3252 2674 3312 quae

392 3415 860 3494 ἐπισημαντὲον
884 3416 1099 3492 ἐκεῖνο,
1119 3413 1224 3479 ὅτι
1256 3417 1382 3480 τῶν
1412 3412 1579 3479 κατὰ
1609 3414 1903 3498 Χριστὸν
1933 3418 2216 3480 ποιεῖται
2242 3416 2362 3497 μὲν
2392 3416 2520 3481 ἀπὸ
2549 3422 2675 3485 τῶν

361 3559 388 3591 2
424 3544 486 3592 ad
511 3561 587 3593 om
612 3545 678 3593 H
681 3543 708 3567 ⁴*
818 3560 868 3594 11
910 3543 1099 3607 pcccati
1129 3545 1174 3592 C
1307 3559 1364 3602 14
1399 3543 1556 3606 magis
1581 3542 1699 3605 (sor
1719 3543 1895 3602 maior)
1926 3544 1969 3591 C
1986 3543 2132 3602 (carr)
2274 3557 2324 3606 15
2363 3546 2593 3596 facultate
2617 3550 2683 3598 ll

267 3642 323 3691 ¹9
358 3626 693 3674 infirmitatem
724 3624 801 3673 C*
980 3639 1039 3686 25
1079 3625 1237 3688 inquit
1263 3624 1361 3688 (ast
1384 3628 1477 3682 est)
1501 3625 1605 3671 add
1628 3625 1759 3673 CH
1966 3639 2024 3686 27
2060 3641 2134 3688 sq.
2172 3626 2326 3674 Coisl.
2363 3642 2457 3689 204
2494 3630 2525 3677 f.
2555 3633 2615 3678 28
2642 3632 2674 3679 b

258 3708 365 3769 [Cr.
402 3708 467 3755 vi.
505 3721 582 3767 57,
625 3707 705 3755 Fr.
755 3705 879 3768 125J.
971 3708 1217 3767 θεοδώρου.
1248 3707 1613 3765 ἐπισημαντέον,
1643 3708 1788 3753 κ.τ.λ.

324 3821 368 3854 2.
431 3805 503 3852 ad
541 3804 811 3863 Romanos]
855 3820 896 3853 c.
944 3804 1008 3852 xi.
1054 3817 1127 3864 32.
1231 3806 1292 3852 In
1334 3805 1411 3852 his
1513 3806 1558 3852 Τ
1561 3804 1611 3851 h.
1654 3805 1721 3867 by
1756 3805 1879 3863 Mai,
1926 3820 2035 3854 nav.
2071 3812 2208 3868 patr.
2253 3807 2360 3854 bibl.
2406 3808 2484 3857 vii.
2538 3825 2578 3858 1.
2622 3827 2670 3874 p.

254 3892 594 3946 commentary
661 3898 726 3930 on
794 3883 879 3932 the
946 3883 1114 3931 Minor
1172 3883 1413 3947 Prophets
1514 3886 1629 3943 ⁴08)
1666 3884 1914 3947 explains:
1948 3885 2004 3932 τὸ
2038 3887 2414 3934 συνέκλεισεν
2446 3887 2553 3936 ἀντὶ
2588 3893 2673 3937 τοῦ

256 3967 466 4029 (migne,
520 3963 634 4029 325)
689 3963 784 4013 Th.
835 3965 1096 4028 interprets
1149 3966 1245 4013 this
1300 3981 1408 4027 pas·
1519 3965 1784 4027 “ἥλεγξεν,’
1814 3969 2023 4016 τέθεικεν
2040 3984 2055 4026 ;
2091 3969 2187 4016 and
2218 3970 2455 4032 similarly
2492 3972 2668 4035 Chrys.

251 4063 399 4111 sage:
448 4049 503 4095 ἐκ
548 4046 644 4094 τῶν
689 4048 1054 4107 προειληφότων
1096 4049 1186 4106 τὴν
1230 4049 1307 4094 ἐπὶ
1353 4048 1410 4095 τὸ
1578 4065 1622 4113 9.
1692 4050 1923 4112 (Ιίνιζςιήέῆ
1985 4052 2273 4111 κατορθοῦνε
2311 4068 2392 4099 see
2426 4069 2478 4115 p.
2505 4067 2580 4113 52,
2614 4055 2663 4104 ll.

250 4133 411 4194 χεῖρον
431 4134 527 4178 τῶν
560 4132 821 4191 ἀνθρώπων
854 4132 1200 4188 ἐπαιδεύθημεν
1231 4133 1399 4194 ῥοπήν,
1511 4143 1557 4182 2,
1588 4132 1665 4179 28.

249 4217 328 4263 ἵνα
372 4217 596 4273 μάθωμεν
646 4216 719 4263 ὄτι
768 4217 894 4263 θείας
939 4217 1134 4276 χάριτος
1183 4217 1401 4270 δεόμεθα.
1574 4227 1651 4271 24.
1709 4214 2128 4276 qum‘z'ucipt'cluzt]
2153 4213 2239 4273 τήν
2261 4217 2550 4272 μέλλουσαν.
2601 4219 2671 4265 So

251 4296 350 4344 His
375 4295 594 4344 remarks
617 4311 681 4343 011
707 4295 790 4344 the
809 4311 1014 4358 passage
1035 4297 1266 4345 itselfare
1292 4297 1401 4354 lost,
1514 4293 1623 4341 llil.
1653 4293 1721 4357 (in
1749 4296 1830 4342 I‘s.
1856 4294 1994 4356 xci.)‚
2023 4296 2271 4344 Ambrstr.
2330 4299 2429 4345 For
2454 4298 2669 4362 incipere

247 4376 413 4424 unless
449 4376 532 4424 the
568 4376 812 4437 fragment
847 4377 1068 4424 ascribed
1108 4385 1158 4424 to
1185 4378 1406 4424 Diodoro
1472 4364 1480 4372 ¹
1519 4376 1788 4434 εμέλλειν,
1814 4393 1895 4424 see
1914 4378 2131 4436 Ronsch,
2154 4380 2300 4436 Itala,
2320 4396 2403 4443 pp.
2425 4378 2532 4444 369,
2557 4395 2667 4442 370.

248 4459 478 4516 (Cramer
514 4458 578 4505 iv.
622 4459 737 4519 424)
780 4458 842 4505 be
890 4458 1043 4520 really
1083 4458 1404 4506 Theodore’s.
1577 4471 1655 4517 25·
1718 4459 1988 4506 notandum
2045 4467 2123 4517 cst,
2177 4461 2289 4521 ἃς]
2379 4463 2472 4511 See
2529 4463 2669 4511 'l'}1,'s

246 4539 397 4586 'l·11‹lt.
438 4540 508 4597 (in
545 4556 572 4587 a
610 4555 816 4601 passage
847 4539 1070 4600 wrongly
1095 4540 1315 4596 ascribed
1353 4547 1405 4587 to
1509 4555 1688 4586 comm.
1719 4556 1781 4587 on
1812 4541 1942 4603 Eph.
1968 4540 2001 4588 i.
2028 4560 2073 4600 4,
2104 4543 2259 4605 inst-a.

2323 4659 2487 4719 4—-2
