<?xml version="1.0" encoding="UTF-8"?>
<!DOCTYPE html PUBLIC "-//W3C//DTD XHTML 1.0 Transitional//EN"
    "http://www.w3.org/TR/xhtml1/DTD/xhtml1-transitional.dtd">
<html xmlns="http://www.w3.org/1999/xhtml" xml:lang="en" lang="en">
 <head>
  <title>
</title>
<meta http-equiv="Content-Type" content="text/html;charset=utf-8" />
  <meta name='ocr-system' content='tesseract 3.04.00' />
  <meta name='ocr-capabilities' content='ocr_page ocr_carea ocr_par ocr_line ocrx_word'/>
</head>
<body>
  <div class='ocr_page' id='page_1' title='image "./theodoriepiscop00mopsgoog_0315.png"; bbox 0 0 3293 5233; ppageno 0'>
   <div class='ocr_carea' id='block_1_1' title="bbox 344 421 559 511">
    <p class='ocr_par' dir='ltr' id='par_1_1' title="bbox 344 421 559 511">
     <span class='ocr_line' id='line_1_1' title="bbox 344 421 559 511; baseline 0.028 -26"><span class='ocrx_word' id='word_1_1' title='bbox 344 421 435 490; x_wconf 89' lang='grc' dir='ltr'><strong>ΙΙ.</strong></span> <span class='ocrx_word' id='word_1_2' title='bbox 465 423 559 511; x_wconf 87' lang='grc'><strong>7.]</strong></span> 
     </span>
    </p>
   </div>
   <div class='ocr_carea' id='block_1_2' title="bbox 318 613 2869 1724">
    <p class='ocr_par' dir='ltr' id='par_1_2' title="bbox 318 613 2869 1724">
     <span class='ocr_line' id='line_1_2' title="bbox 336 613 2752 697; baseline 0.002 -24"><span class='ocrx_word' id='word_1_3' title='bbox 336 621 646 675; x_wconf 83' lang='lat' dir='ltr'><strong>euacuata</strong></span> <span class='ocrx_word' id='word_1_4' title='bbox 693 622 791 677; x_wconf 83' lang='lat' dir='ltr'><strong>est</strong></span> <span class='ocrx_word' id='word_1_5' title='bbox 829 633 980 696; x_wconf 77' lang='lat' dir='ltr'><strong>ergo</strong></span> <span class='ocrx_word' id='word_1_6' title='bbox 1014 613 1414 697; x_wconf 80' lang='lat' dir='ltr'><strong>praedicatio</strong></span> <span class='ocrx_word' id='word_1_7' title='bbox 1461 625 1700 692; x_wconf 84' lang='lat' dir='ltr'><strong>nostra,</strong></span> <span class='ocrx_word' id='word_1_8' title='bbox 1749 613 1878 679; x_wconf 91' lang='lat' dir='ltr'><strong>hoc</strong></span> <span class='ocrx_word' id='word_1_9' title='bbox 1925 624 2042 693; x_wconf 89' lang='lat' dir='ltr'><strong>est,</strong></span> <span class='ocrx_word' id='word_1_10' title='bbox 2075 613 2257 679; x_wconf 89' lang='lat' dir='ltr'><strong>nulla</strong></span> <span class='ocrx_word' id='word_1_11' title='bbox 2301 623 2403 679; x_wconf 91' lang='lat' dir='ltr'><strong>est</strong></span> <span class='ocrx_word' id='word_1_12' title='bbox 2447 623 2517 679; x_wconf 88' lang='lat' dir='ltr'><strong>et</strong></span> <span class='ocrx_word' id='word_1_13' title='bbox 2559 633 2752 679; x_wconf 83' lang='lat' dir='ltr'><strong>uana.</strong></span> 
     </span>
     <span class='ocr_line' id='line_1_3' title="bbox 338 714 2754 800; baseline 0.001 -26"><span class='ocrx_word' id='word_1_14' title='bbox 338 732 494 775; x_wconf 88' lang='lat' dir='ltr'><strong>nam</strong></span> <span class='ocrx_word' id='word_1_15' title='bbox 570 714 749 798; x_wconf 90' lang='lat' dir='ltr'><strong>quod</strong></span> <span class='ocrx_word' id='word_1_16' title='bbox 821 714 983 779; x_wconf 91' lang='lat' dir='ltr'><strong>dicit</strong></span> <span class='ocrx_word' id='word_1_17' title='bbox 1052 716 1327 797; x_wconf 62' lang='lat' dir='ltr'><strong>sezpsum</strong></span> <span class='ocrx_word' id='word_1_18' title='bbox 1391 717 1795 800; x_wconf 53' lang='lat' dir='ltr'><strong>[exinaniuin</strong></span> <span class='ocrx_word' id='word_1_19' title='bbox 1857 717 1986 781; x_wconf 88' lang='lat' dir='ltr'><strong>hoc</strong></span> <span class='ocrx_word' id='word_1_20' title='bbox 2044 728 2162 793; x_wconf 87' lang='lat' dir='ltr'><strong>est,</strong></span> <span class='ocrx_word' id='word_1_21' title='bbox 2226 722 2243 751; x_wconf 82' lang='lat'><strong><em>⁴</em></strong></span> <span class='ocrx_word' id='word_1_22' title='bbox 2265 737 2399 781; x_wconf 91' lang='lat' dir='ltr'><strong>non</strong></span> <span class='ocrx_word' id='word_1_23' title='bbox 2459 715 2754 780; x_wconf 87' lang='lat' dir='ltr'><strong>ostendit</strong></span> 
     </span>
     <span class='ocr_line' id='line_1_4' title="bbox 334 817 2754 904; baseline 0.001 -26"><span class='ocrx_word' id='word_1_24' title='bbox 334 817 673 901; x_wconf 90' lang='lat' dir='ltr'><strong>seipsum],</strong></span> <span class='ocrx_word' id='word_1_25' title='bbox 707 817 989 882; x_wconf 87' lang='lat' dir='ltr'><strong>formam</strong></span> <span class='ocrx_word' id='word_1_26' title='bbox 1020 821 1198 882; x_wconf 90' lang='lat' dir='ltr'><strong>enim</strong></span> <span class='ocrx_word' id='word_1_27' title='bbox 1231 822 1402 884; x_wconf 87' lang='lat' dir='ltr'><strong>serui</strong></span> <span class='ocrx_word' id='word_1_28' title='bbox 1440 821 1773 903; x_wconf 87' lang='lat' dir='ltr'><strong>accipiens</strong></span> <span class='ocrx_word' id='word_1_29' title='bbox 1809 820 2207 904; x_wconf 87' lang='lat' dir='ltr'><strong>dignitatem</strong></span> <span class='ocrx_word' id='word_1_30' title='bbox 2247 819 2429 884; x_wconf 89' lang='lat' dir='ltr'><strong>illam</strong></span> <span class='ocrx_word' id='word_1_31' title='bbox 2475 819 2754 882; x_wconf 91' lang='lat' dir='ltr'><strong>abscon-</strong></span> 
     </span>
     <span class='ocr_line' id='line_1_5' title="bbox 338 920 2753 1006; baseline 0.001 -23"><span class='ocrx_word' id='word_1_32' title='bbox 338 920 476 999; x_wconf 88' lang='lat' dir='ltr'><strong>dit;</strong></span> <span class='ocrx_word' id='word_1_33' title='bbox 540 921 667 986; x_wconf 92' lang='lat' dir='ltr'><strong>hoc</strong></span> <span class='ocrx_word' id='word_1_34' title='bbox 718 924 934 986; x_wconf 88' lang='lat' dir='ltr'><strong>solum</strong></span> <span class='ocrx_word' id='word_1_35' title='bbox 986 944 1029 986; x_wconf 83' lang='lat' dir='ltr'><strong>a</strong></span> <span class='ocrx_word' id='word_1_36' title='bbox 1080 924 1466 987; x_wconf 89' lang='lat' dir='ltr'><strong>uidentibus</strong></span> <span class='ocrx_word' id='word_1_37' title='bbox 1525 945 1598 988; x_wconf 91' lang='lat' dir='ltr'><strong>se</strong></span> <span class='ocrx_word' id='word_1_38' title='bbox 1651 945 1798 988; x_wconf 90' lang='lat' dir='ltr'><strong>esse</strong></span> <span class='ocrx_word' id='word_1_39' title='bbox 1850 925 2385 999; x_wconf 81' lang='lat' dir='ltr'><strong>existimabatur,&#39;</strong></span> <span class='ocrx_word' id='word_1_40' title='bbox 2443 922 2623 1006; x_wconf 90' lang='lat' dir='ltr'><strong>quod</strong></span> <span class='ocrx_word' id='word_1_41' title='bbox 2684 930 2753 986; x_wconf 91' lang='lat' dir='ltr'><strong>et</strong></span> 
     </span>
     <span class='ocr_line' id='line_1_6' title="bbox 339 1023 2858 1108; baseline 0.002 -23"><span class='ocrx_word' id='word_1_42' title='bbox 339 1023 546 1087; x_wconf 89' lang='lat' dir='ltr'><strong>uideri</strong></span> <span class='ocrx_word' id='word_1_43' title='bbox 621 1023 943 1108; x_wconf 63' lang='lat' dir='ltr'><strong>poterat*</strong></span> <span class='ocrx_word' id='word_1_44' title='bbox 1062 1025 1287 1090; x_wconf 91' lang='lat' dir='ltr'><strong>diuina</strong></span> <span class='ocrx_word' id='word_1_45' title='bbox 1348 1029 1525 1090; x_wconf 90' lang='lat' dir='ltr'><strong>enim</strong></span> <span class='ocrx_word' id='word_1_46' title='bbox 1600 1036 1841 1092; x_wconf 86' lang='lat' dir='ltr'><strong>natura</strong></span> <span class='ocrx_word' id='word_1_47' title='bbox 1915 1030 2170 1093; x_wconf 90' lang='lat' dir='ltr'><strong>cunctis</strong></span> <span class='ocrx_word' id='word_1_48' title='bbox 2244 1037 2385 1093; x_wconf 88' lang='lat' dir='ltr'><strong>erat</strong></span> <span class='ocrx_word' id='word_1_49' title='bbox 2457 1025 2753 1091; x_wconf 63' lang='lat' dir='ltr'><strong>occulta!</strong></span> <span class='ocrx_word' id='word_1_50' title='bbox 2827 1034 2858 1100; x_wconf 87' lang='grc'>5</span> 
     </span>
     <span class='ocr_line' id='line_1_7' title="bbox 318 1125 2754 1208; baseline 0.002 -20"><span class='ocrx_word' id='word_1_51' title='bbox 318 1125 622 1205; x_wconf 84' lang='lat' dir='ltr'><strong>formam</strong></span> <span class='ocrx_word' id='word_1_52' title='bbox 683 1137 906 1190; x_wconf 85' lang='lat' dir='ltr'><strong>autem</strong></span> <span class='ocrx_word' id='word_1_53' title='bbox 965 1129 1156 1205; x_wconf 84' lang='lat' dir='ltr'><strong>serui,</strong></span> <span class='ocrx_word' id='word_1_54' title='bbox 1219 1138 1292 1192; x_wconf 91' lang='lat' dir='ltr'><strong>ut</strong></span> <span class='ocrx_word' id='word_1_55' title='bbox 1352 1130 1531 1192; x_wconf 86' lang='lat' dir='ltr'><strong>dicat</strong></span> <span class='ocrx_word' id='word_1_56' title='bbox 1581 1134 1920 1194; x_wconf 87' lang='lat' dir='ltr'><strong>‘naturam</strong></span> <span class='ocrx_word' id='word_1_57' title='bbox 1975 1128 2183 1208; x_wconf 57' lang='lat' dir='ltr'><strong>serui}</strong></span> <span class='ocrx_word' id='word_1_58' title='bbox 2237 1130 2599 1193; x_wconf 84' lang='lat' dir='ltr'>humanam</span> <span class='ocrx_word' id='word_1_59' title='bbox 2659 1130 2754 1192; x_wconf 88' lang='lat' dir='ltr'><strong>sic</strong></span> 
     </span>
     <span class='ocr_line' id='line_1_8' title="bbox 339 1228 2753 1309; baseline 0.001 -20"><span class='ocrx_word' id='word_1_60' title='bbox 339 1235 584 1290; x_wconf 76' lang='lat' dir='ltr'><strong>uocans</strong></span> <span class='ocrx_word' id='word_1_61' title='bbox 615 1239 936 1306; x_wconf 85' lang='lat' dir='ltr'><strong>naturam,</strong></span> <span class='ocrx_word' id='word_1_62' title='bbox 968 1231 1443 1306; x_wconf 86' lang='lat' dir='ltr'><strong>seruilisenim</strong></span> <span class='ocrx_word' id='word_1_63' title='bbox 1486 1242 1587 1296; x_wconf 88' lang='lat' dir='ltr'><strong>est</strong></span> <span class='ocrx_word' id='word_1_64' title='bbox 1627 1232 1921 1296; x_wconf 85' lang='lat' dir='ltr'><strong>humana</strong></span> <span class='ocrx_word' id='word_1_65' title='bbox 1966 1243 2242 1309; x_wconf 84' lang='lat' dir='ltr'><strong>natura3</strong></span> <span class='ocrx_word' id='word_1_66' title='bbox 2287 1233 2459 1295; x_wconf 90' lang='lat' dir='ltr'><strong>sicut</strong></span> <span class='ocrx_word' id='word_1_67' title='bbox 2493 1240 2560 1293; x_wconf 93' lang='lat' dir='ltr'><strong>et</strong></span> <span class='ocrx_word' id='word_1_68' title='bbox 2590 1228 2753 1292; x_wconf 90' lang='lat' dir='ltr'><strong>illud</strong></span> 
     </span>
     <span class='ocr_line' id='line_1_9' title="bbox 338 1331 2756 1415; baseline 0 -22"><span class='ocrx_word' id='word_1_69' title='bbox 338 1333 517 1413; x_wconf 89' lang='lat' dir='ltr'><strong>quod</strong></span> <span class='ocrx_word' id='word_1_70' title='bbox 550 1331 725 1396; x_wconf 85' lang='lat' dir='ltr'><strong>dixit</strong></span> <span class='ocrx_word' id='word_1_71' title='bbox 757 1333 827 1395; x_wconf 85' lang='lat' dir='ltr'><strong>in</strong></span> <span class='ocrx_word' id='word_1_72' title='bbox 840 1334 1076 1415; x_wconf 86' lang='lat' dir='ltr'><strong>forma</strong></span> <span class='ocrx_word' id='word_1_73' title='bbox 1104 1333 1250 1410; x_wconf 77' lang='lat' dir='ltr'><strong>Dei,</strong></span> <span class='ocrx_word' id='word_1_74' title='bbox 1285 1335 1353 1396; x_wconf 92' lang='lat' dir='ltr'><strong>in</strong></span> <span class='ocrx_word' id='word_1_75' title='bbox 1383 1335 1610 1397; x_wconf 91' lang='lat' dir='ltr'><strong>diuina</strong></span> <span class='ocrx_word' id='word_1_76' title='bbox 1652 1335 1814 1397; x_wconf 91' lang='lat' dir='ltr'><strong>dicit</strong></span> <span class='ocrx_word' id='word_1_77' title='bbox 1854 1346 2106 1411; x_wconf 88' lang='lat' dir='ltr'><strong>natura,</strong></span> <span class='ocrx_word' id='word_1_78' title='bbox 2138 1335 2265 1398; x_wconf 92' lang='lat' dir='ltr'><strong>hoc</strong></span> <span class='ocrx_word' id='word_1_79' title='bbox 2297 1343 2415 1410; x_wconf 89' lang='lat' dir='ltr'><strong>est,</strong></span> <span class='ocrx_word' id='word_1_80' title='bbox 2450 1338 2466 1365; x_wconf 87' lang='lat'>‘</span> <span class='ocrx_word' id='word_1_81' title='bbox 2488 1333 2756 1397; x_wconf 85' lang='lat' dir='ltr'><strong>diuinae</strong></span> 
     </span>
     <span class='ocr_line' id='line_1_10' title="bbox 341 1435 2754 1519; baseline 0 -25"><span class='ocrx_word' id='word_1_82' title='bbox 341 1442 617 1497; x_wconf 87' lang='lat' dir='ltr'><strong>naturae</strong></span> <span class='ocrx_word' id='word_1_83' title='bbox 669 1435 1006 1500; x_wconf 57' lang='lat' dir='ltr'><strong>existens?</strong></span> <span class='ocrx_word' id='word_1_84' title='bbox 1097 1446 1165 1499; x_wconf 91' lang='lat' dir='ltr'><strong>et</strong></span> <span class='ocrx_word' id='word_1_85' title='bbox 1212 1437 1527 1518; x_wconf 89' lang='lat' dir='ltr'><strong>quoniam</strong></span> <span class='ocrx_word' id='word_1_86' title='bbox 1578 1437 1756 1500; x_wconf 88' lang='lat' dir='ltr'><strong>dixit</strong></span> <span class='ocrx_word' id='word_1_87' title='bbox 1786 1438 2090 1519; x_wconf 87' lang='lat' dir='ltr'><strong>formam</strong></span> <span class='ocrx_word' id='word_1_88' title='bbox 2147 1436 2338 1511; x_wconf 84' lang='lat' dir='ltr'><strong>serui,</strong></span> <span class='ocrx_word' id='word_1_89' title='bbox 2401 1453 2754 1499; x_wconf 90' lang='lat' dir='ltr'><strong>commune</strong></span> 
     </span>
     <span class='ocr_line' id='line_1_11' title="bbox 339 1535 2869 1621; baseline 0 -25"><span class='ocrx_word' id='word_1_90' title='bbox 339 1544 567 1598; x_wconf 84' lang='lat' dir='ltr'><strong>autem</strong></span> <span class='ocrx_word' id='word_1_91' title='bbox 599 1546 740 1600; x_wconf 84' lang='lat' dir='ltr'><strong>erat</strong></span> <span class='ocrx_word' id='word_1_92' title='bbox 770 1535 896 1600; x_wconf 91' lang='lat' dir='ltr'><strong>hoc</strong></span> <span class='ocrx_word' id='word_1_93' title='bbox 927 1548 996 1601; x_wconf 94' lang='lat' dir='ltr'><strong>et</strong></span> <span class='ocrx_word' id='word_1_94' title='bbox 1026 1536 1404 1600; x_wconf 91' lang='lat' dir='ltr'><strong>hominibus</strong></span> <span class='ocrx_word' id='word_1_95' title='bbox 1436 1547 1502 1600; x_wconf 90' lang='lat' dir='ltr'><strong>et</strong></span> <span class='ocrx_word' id='word_1_96' title='bbox 1535 1539 1850 1602; x_wconf 90' lang='lat' dir='ltr'><strong>iumentis</strong></span> <span class='ocrx_word' id='word_1_97' title='bbox 1880 1546 1947 1602; x_wconf 91' lang='lat' dir='ltr'><strong>et</strong></span> <span class='ocrx_word' id='word_1_98' title='bbox 1988 1539 2259 1621; x_wconf 80' lang='lat' dir='ltr'><strong>angeliS,</strong></span> <span class='ocrx_word' id='word_1_99' title='bbox 2294 1537 2546 1600; x_wconf 86' lang='lat' dir='ltr'><strong>formae</strong></span> <span class='ocrx_word' id='word_1_100' title='bbox 2575 1536 2750 1598; x_wconf 91' lang='lat' dir='ltr'><strong>enim</strong></span> <span class='ocrx_word' id='word_1_101' title='bbox 2789 1539 2869 1586; x_wconf 89' lang='lat'><strong>10</strong></span> 
     </span>
     <span class='ocr_line' id='line_1_12' title="bbox 337 1637 2751 1724; baseline -0.002 -21"><span class='ocrx_word' id='word_1_102' title='bbox 337 1662 677 1705; x_wconf 89' lang='lat' dir='ltr'><strong>seruorum</strong></span> <span class='ocrx_word' id='word_1_103' title='bbox 711 1652 868 1706; x_wconf 90' lang='lat' dir='ltr'><strong>sunt</strong></span> <span class='ocrx_word' id='word_1_104' title='bbox 902 1652 971 1706; x_wconf 93' lang='lat' dir='ltr'><strong>et</strong></span> <span class='ocrx_word' id='word_1_105' title='bbox 1013 1640 1106 1704; x_wconf 90' lang='lat' dir='ltr'><strong>illi</strong></span> <span class='ocrx_word' id='word_1_106' title='bbox 1148 1641 1476 1724; x_wconf 89' lang='lat' dir='ltr'><strong>siquidem</strong></span> <span class='ocrx_word' id='word_1_107' title='bbox 1530 1641 1687 1705; x_wconf 87' lang='lat' dir='ltr'><strong>sacti</strong></span> <span class='ocrx_word' id='word_1_108' title='bbox 1735 1651 1908 1717; x_wconf 86' lang='lat' dir='ltr'><strong>sunt,</strong></span> <span class='ocrx_word' id='word_1_109' title='bbox 1962 1641 2206 1704; x_wconf 86' lang='lat' dir='ltr'><strong>adiecit</strong></span> <span class='ocrx_word' id='word_1_110' title='bbox 2254 1650 2321 1704; x_wconf 91' lang='lat' dir='ltr'><strong>et</strong></span> <span class='ocrx_word' id='word_1_111' title='bbox 2367 1638 2529 1703; x_wconf 90' lang='lat' dir='ltr'><strong>illud</strong></span> <span class='ocrx_word' id='word_1_112' title='bbox 2571 1637 2751 1721; x_wconf 91' lang='lat' dir='ltr'><strong>quod</strong></span> 
     </span>
    </p>
   </div>
   <div class='ocr_carea' id='block_1_3' title="bbox 1032 441 2752 508">
    <p class='ocr_par' dir='ltr' id='par_1_3' title="bbox 1032 441 2752 508">
     <span class='ocr_line' id='line_1_13' title="bbox 1032 441 2752 508; baseline -0.003 -14"><span class='ocrx_word' id='word_1_113' title='bbox 1032 441 1118 494; x_wconf 85' lang='lat' dir='ltr'><strong>IN</strong></span> <span class='ocrx_word' id='word_1_114' title='bbox 1167 443 1270 495; x_wconf 84' lang='grc' dir='ltr'><strong>ΕΡ.</strong></span> <span class='ocrx_word' id='word_1_115' title='bbox 1316 442 1419 494; x_wconf 82' lang='grc' dir='ltr'><strong>ΑΙ)</strong></span> <span class='ocrx_word' id='word_1_116' title='bbox 1464 441 2017 495; x_wconf 78' lang='lat' dir='ltr'><strong>PHILIPPENSES.</strong></span> <span class='ocrx_word' id='word_1_117' title='bbox 2626 441 2752 508; x_wconf 85' lang='lat'><strong>217</strong></span> 
     </span>
    </p>
   </div>
   <div class='ocr_carea' id='block_1_4' title="bbox 340 1901 2860 2295">
    <p class='ocr_par' dir='ltr' id='par_1_4' title="bbox 340 1901 2860 2295">
     <span class='ocr_line' id='line_1_14' title="bbox 343 1901 2754 1982; baseline -0.001 -10"><span class='ocrx_word' id='word_1_118' title='bbox 343 1908 551 1982; x_wconf 59' lang='grc' dir='ltr'><strong>ιῖΜῶΝ,</strong></span> <span class='ocrx_word' id='word_1_119' title='bbox 585 1904 733 1973; x_wconf 78' lang='grc' dir='ltr'>ἀντὶ</span> <span class='ocrx_word' id='word_1_120' title='bbox 766 1909 883 1972; x_wconf 82' lang='grc' dir='ltr'>τοῦ</span> <span class='ocrx_word' id='word_1_121' title='bbox 912 1904 1135 1971; x_wconf 72' lang='grc' dir='ltr'>ὀὐδὲν</span> <span class='ocrx_word' id='word_1_122' title='bbox 1171 1905 1283 1972; x_wconf 81' lang='grc' dir='ltr'><strong>καὶ</strong></span> <span class='ocrx_word' id='word_1_123' title='bbox 1325 1904 1600 1972; x_wconf 58' lang='grc' dir='ltr'>εἰκαῖον]</span> <span class='ocrx_word' id='word_1_124' title='bbox 1690 1904 1766 1972; x_wconf 83' lang='grc' dir='ltr'><strong>τὸ</strong></span> <span class='ocrx_word' id='word_1_125' title='bbox 1813 1904 1924 1972; x_wconf 80' lang='grc' dir='ltr'><strong>οὖν</strong></span> <span class='ocrx_word' id='word_1_126' title='bbox 1967 1907 2189 1982; x_wconf 67' lang='grc' dir='ltr'>ἑαγτὸΝ</span> <span class='ocrx_word' id='word_1_127' title='bbox 2241 1905 2576 1981; x_wconf 66' lang='grc' dir='ltr'><strong>ἐκὲκωεεκ,</strong></span> <span class='ocrx_word' id='word_1_128' title='bbox 2609 1901 2754 1969; x_wconf 80' lang='grc' dir='ltr'>α’ντὶ</span> 
     </span>
     <span class='ocr_line' id='line_1_15' title="bbox 341 2003 2756 2096; baseline -0.003 -20"><span class='ocrx_word' id='word_1_129' title='bbox 341 2015 457 2076; x_wconf 82' lang='grc' dir='ltr'>τοῦ</span> <span class='ocrx_word' id='word_1_130' title='bbox 513 2007 670 2075; x_wconf 66' lang='grc' dir='ltr'>ὀὐκ</span> <span class='ocrx_word' id='word_1_131' title='bbox 728 2008 963 2093; x_wconf 81' lang='grc' dir='ltr'>ἔδειξεν</span> <span class='ocrx_word' id='word_1_132' title='bbox 1028 2006 1276 2075; x_wconf 81' lang='grc' dir='ltr'>ἑαυτόν·</span> <span class='ocrx_word' id='word_1_133' title='bbox 1336 2011 1597 2095; x_wconf 57' lang='grc' dir='ltr'>Μορφιὶω</span> <span class='ocrx_word' id='word_1_134' title='bbox 1649 2008 1776 2096; x_wconf 77' lang='grc' dir='ltr'><strong>γὰρ</strong></span> <span class='ocrx_word' id='word_1_135' title='bbox 1831 2012 2060 2084; x_wconf 60' lang='grc' dir='ltr'>Δοῗλογ</span> <span class='ocrx_word' id='word_1_136' title='bbox 2120 2009 2329 2073; x_wconf 66' lang='grc' dir='ltr'>λΔΒὼΝ</span> <span class='ocrx_word' id='word_1_137' title='bbox 2385 2005 2507 2090; x_wconf 84' lang='grc' dir='ltr'>τὴν</span> <span class='ocrx_word' id='word_1_138' title='bbox 2563 2003 2756 2089; x_wconf 77' lang='grc' dir='ltr'>ἀξίαν</span> 
     </span>
     <span class='ocr_line' id='line_1_16' title="bbox 340 2107 2753 2199; baseline -0.002 -21"><span class='ocrx_word' id='word_1_139' title='bbox 340 2113 584 2194; x_wconf 83' lang='grc' dir='ltr'>ἐκείνην</span> <span class='ocrx_word' id='word_1_140' title='bbox 646 2110 1048 2199; x_wconf 70' lang='grc' dir='ltr'>ἀπέκρυψεν,</span> <span class='ocrx_word' id='word_1_141' title='bbox 1112 2115 1303 2178; x_wconf 82' lang='grc' dir='ltr'>τοῦτο</span> <span class='ocrx_word' id='word_1_142' title='bbox 1380 2116 1515 2182; x_wconf 74' lang='grc' dir='ltr'>τοῖς</span> <span class='ocrx_word' id='word_1_143' title='bbox 1579 2109 1825 2199; x_wconf 81' lang='grc' dir='ltr'>ὁρῶσιν</span> <span class='ocrx_word' id='word_1_144' title='bbox 1887 2110 2051 2177; x_wconf 78' lang='grc' dir='ltr'>εἶναι</span> <span class='ocrx_word' id='word_1_145' title='bbox 2112 2108 2522 2193; x_wconf 67' lang='grc' dir='ltr'>νομιζόμενος</span> <span class='ocrx_word' id='word_1_146' title='bbox 2588 2107 2753 2197; x_wconf 77' lang='grc' dir='ltr'>ὅπερ</span> 
     </span>
     <span class='ocr_line' id='line_1_17' title="bbox 343 2209 2860 2295; baseline -0 -17"><span class='ocrx_word' id='word_1_147' title='bbox 343 2214 675 2295; x_wconf 83' lang='grc' dir='ltr'>ἐφαίνετο.’</span> <span class='ocrx_word' id='word_1_148' title='bbox 2790 2209 2860 2277; x_wconf 86' lang='grc' dir='ltr'><strong>Ῑ5</strong></span> 
     </span>
    </p>
   </div>
   <div class='ocr_carea' id='block_1_5' title="bbox 341 2395 2757 2707">
    <p class='ocr_par' dir='ltr' id='par_1_5' title="bbox 341 2395 2757 2707">
     <span class='ocr_line' id='line_1_18' title="bbox 446 2395 2755 2465; baseline -0.002 -17"><span class='ocrx_word' id='word_1_149' title='bbox 446 2413 466 2448; x_wconf 90' lang='lat'>1</span> <span class='ocrx_word' id='word_1_150' title='bbox 504 2407 559 2448; x_wconf 90' lang='lat' dir='ltr'><strong>ut</strong></span> <span class='ocrx_word' id='word_1_151' title='bbox 591 2400 755 2464; x_wconf 88' lang='lat' dir='ltr'><strong>ipsum</strong></span> <span class='ocrx_word' id='word_1_152' title='bbox 778 2400 980 2465; x_wconf 88' lang='lat' dir='ltr'><strong>sapiatis</strong></span> <span class='ocrx_word' id='word_1_153' title='bbox 1003 2400 1213 2449; x_wconf 87' lang='lat' dir='ltr'><strong>eandem</strong></span> <span class='ocrx_word' id='word_1_154' title='bbox 1237 2401 1492 2449; x_wconf 78' lang='lat' dir='ltr'><strong>caritatem</strong></span> <span class='ocrx_word' id='word_1_155' title='bbox 1515 2398 1757 2449; x_wconf 88' lang='lat' dir='ltr'><strong>habentes</strong></span> <span class='ocrx_word' id='word_1_156' title='bbox 1774 2398 2033 2448; x_wconf 86' lang='lat' dir='ltr'><strong>unanimes</strong></span> <span class='ocrx_word' id='word_1_157' title='bbox 2049 2413 2205 2446; x_wconf 88' lang='lat' dir='ltr'><strong>unum</strong></span> <span class='ocrx_word' id='word_1_158' title='bbox 2227 2397 2478 2462; x_wconf 82' lang='lat' dir='ltr'><strong>sapientes</strong></span> <span class='ocrx_word' id='word_1_159' title='bbox 2501 2395 2755 2460; x_wconf 85' lang='lat' dir='ltr'><strong>(beseuac.</strong></span> 
     </span>
     <span class='ocr_line' id='line_1_19' title="bbox 341 2476 2754 2548; baseline -0.004 -12"><span class='ocrx_word' id='word_1_160' title='bbox 341 2486 437 2548; x_wconf 82' lang='lat' dir='ltr'><strong>est)</strong></span> <span class='ocrx_word' id='word_1_161' title='bbox 460 2485 565 2534; x_wconf 83' lang='lat' dir='ltr'><strong>add</strong></span> <span class='ocrx_word' id='word_1_162' title='bbox 587 2484 627 2533; x_wconf 92' lang='lat' dir='ltr'><em>C</em></span> <span class='ocrx_word' id='word_1_163' title='bbox 648 2485 714 2532; x_wconf 85' lang='lat' dir='ltr'><em>H</em></span> <span class='ocrx_word' id='word_1_164' title='bbox 728 2499 783 2532; x_wconf 86' lang='lat' dir='ltr'><strong>r:</strong></span> <span class='ocrx_word' id='word_1_165' title='bbox 815 2500 896 2533; x_wconf 85' lang='lat' dir='ltr'><strong>see</strong></span> <span class='ocrx_word' id='word_1_166' title='bbox 920 2491 1036 2533; x_wconf 88' lang='lat' dir='ltr'><strong>note</strong></span> <span class='ocrx_word' id='word_1_167' title='bbox 1348 2497 1374 2531; x_wconf 77' lang='grc' dir='ltr'>α</span> <span class='ocrx_word' id='word_1_168' title='bbox 1412 2481 1969 2546; x_wconf 81' lang='lat' dir='ltr'><strong>exinaniuit—seipsum</strong></span> <span class='ocrx_word' id='word_1_169' title='bbox 1991 2496 2068 2528; x_wconf 81' lang='lat' dir='ltr'><strong>om</strong></span> <span class='ocrx_word' id='word_1_170' title='bbox 2098 2481 2141 2529; x_wconf 92' lang='lat' dir='ltr'><em>C</em></span> <span class='ocrx_word' id='word_1_171' title='bbox 2160 2480 2225 2528; x_wconf 79' lang='lat' dir='ltr'><em>H</em></span> <span class='ocrx_word' id='word_1_172' title='bbox 2240 2497 2271 2528; x_wconf 87' lang='lat' dir='ltr'><strong>r</strong></span> <span class='ocrx_word' id='word_1_173' title='bbox 2293 2477 2412 2542; x_wconf 82' lang='lat' dir='ltr'><strong>(per</strong></span> <span class='ocrx_word' id='word_1_174' title='bbox 2429 2476 2754 2540; x_wconf 78' lang='lat' dir='ltr'><strong>homoeotel.):</strong></span> 
     </span>
     <span class='ocr_line' id='line_1_20' title="bbox 341 2557 2757 2632; baseline -0.003 -16"><span class='ocrx_word' id='word_1_175' title='bbox 341 2574 478 2632; x_wconf 78' lang='lat' dir='ltr'><strong>txtg</strong></span> <span class='ocrx_word' id='word_1_176' title='bbox 670 2580 698 2626; x_wconf 83' lang='lat'>3</span> <span class='ocrx_word' id='word_1_177' title='bbox 732 2565 866 2613; x_wconf 87' lang='lat' dir='ltr'><strong>enirn</strong></span> <span class='ocrx_word' id='word_1_178' title='bbox 888 2580 964 2614; x_wconf 85' lang='lat' dir='ltr'><strong>om</strong></span> <span class='ocrx_word' id='word_1_179' title='bbox 988 2580 1021 2612; x_wconf 81' lang='lat' dir='ltr'><strong>r</strong></span> <span class='ocrx_word' id='word_1_180' title='bbox 1216 2575 1243 2626; x_wconf 87' lang='lat'><strong>5</strong></span> <span class='ocrx_word' id='word_1_181' title='bbox 1278 2563 1447 2612; x_wconf 89' lang='lat' dir='ltr'><strong>uidere</strong></span> <span class='ocrx_word' id='word_1_182' title='bbox 1476 2562 1543 2611; x_wconf 86' lang='lat' dir='ltr'><strong>C·</strong></span> <span class='ocrx_word' id='word_1_183' title='bbox 1738 2576 1763 2625; x_wconf 84' lang='lat'>7</span> <span class='ocrx_word' id='word_1_184' title='bbox 1798 2571 2005 2611; x_wconf 87' lang='lat' dir='ltr'><strong>uocatus</strong></span> <span class='ocrx_word' id='word_1_185' title='bbox 2033 2562 2076 2610; x_wconf 90' lang='lat' dir='ltr'><em>C</em></span> <span class='ocrx_word' id='word_1_186' title='bbox 2137 2575 2288 2609; x_wconf 86' lang='lat' dir='ltr'><strong>uocas</strong></span> <span class='ocrx_word' id='word_1_187' title='bbox 2309 2557 2400 2607; x_wconf 76' lang='lat' dir='ltr'><strong>H*</strong></span> <span class='ocrx_word' id='word_1_188' title='bbox 2425 2558 2665 2622; x_wconf 85' lang='lat' dir='ltr'><strong>[humana</strong></span> <span class='ocrx_word' id='word_1_189' title='bbox 2685 2559 2757 2608; x_wconf 88' lang='lat' dir='ltr'><strong>sic</strong></span> 
     </span>
     <span class='ocr_line' id='line_1_21' title="bbox 341 2644 1484 2707; baseline -0.005 -9"><span class='ocrx_word' id='word_1_190' title='bbox 341 2656 549 2698; x_wconf 86' lang='lat' dir='ltr'><strong>uocatur</strong></span> <span class='ocrx_word' id='word_1_191' title='bbox 570 2654 745 2695; x_wconf 84' lang='lat' dir='ltr'><strong>natura</strong></span> <span class='ocrx_word' id='word_1_192' title='bbox 768 2645 817 2707; x_wconf 88' lang='lat' dir='ltr'><strong>r]</strong></span> <span class='ocrx_word' id='word_1_193' title='bbox 1013 2645 1044 2693; x_wconf 88' lang='lat'>8</span> <span class='ocrx_word' id='word_1_194' title='bbox 1077 2645 1130 2693; x_wconf 90' lang='lat' dir='ltr'><strong>in</strong></span> <span class='ocrx_word' id='word_1_195' title='bbox 1154 2645 1205 2692; x_wconf 88' lang='lat' dir='ltr'><strong>d.</strong></span> <span class='ocrx_word' id='word_1_196' title='bbox 1231 2660 1281 2693; x_wconf 91' lang='lat' dir='ltr'><strong>n.</strong></span> <span class='ocrx_word' id='word_1_197' title='bbox 1307 2644 1429 2693; x_wconf 90' lang='lat' dir='ltr'><strong>dicit</strong></span> <span class='ocrx_word' id='word_1_198' title='bbox 1451 2660 1484 2692; x_wconf 81' lang='lat' dir='ltr'><strong>r</strong></span> 
     </span>
    </p>
   </div>
   <div class='ocr_carea' id='block_1_6' title="bbox 323 2806 1503 4588">
    <p class='ocr_par' dir='ltr' id='par_1_6' title="bbox 323 2806 1502 4169">
     <span class='ocr_line' id='line_1_22' title="bbox 342 2806 1497 2870; baseline -0.003 -11"><span class='ocrx_word' id='word_1_199' title='bbox 342 2828 423 2860; x_wconf 84' lang='lat' dir='ltr'><strong>xv.</strong></span> <span class='ocrx_word' id='word_1_200' title='bbox 455 2827 510 2869; x_wconf 74' lang='lat'><strong>¹⁴</strong></span> <span class='ocrx_word' id='word_1_201' title='bbox 537 2806 729 2870; x_wconf 83' lang='grc' dir='ltr'>(κενόν).</span> <span class='ocrx_word' id='word_1_202' title='bbox 797 2808 975 2857; x_wconf 80' lang='lat' dir='ltr'>Before</span> <span class='ocrx_word' id='word_1_203' title='bbox 999 2807 1084 2856; x_wconf 89' lang='lat' dir='ltr'><strong>the</strong></span> <span class='ocrx_word' id='word_1_204' title='bbox 1107 2806 1292 2856; x_wconf 86' lang='lat' dir='ltr'><strong>second</strong></span> <span class='ocrx_word' id='word_1_205' title='bbox 1324 2815 1497 2870; x_wconf 86' lang='lat' dir='ltr'><strong>quota·</strong></span> 
     </span>
     <span class='ocr_line' id='line_1_23' title="bbox 344 2886 1499 2939; baseline -0.004 0"><span class='ocrx_word' id='word_1_206' title='bbox 344 2891 448 2939; x_wconf 91' lang='lat' dir='ltr'><strong>tion</strong></span> <span class='ocrx_word' id='word_1_207' title='bbox 471 2888 595 2939; x_wconf 88' lang='lat' dir='ltr'><strong>both</strong></span> <span class='ocrx_word' id='word_1_208' title='bbox 629 2904 720 2937; x_wconf 91' lang='lat' dir='ltr'><strong>our</strong></span> <span class='ocrx_word' id='word_1_209' title='bbox 753 2888 908 2937; x_wconf 88' lang='lat' dir='ltr'><strong>MSS.</strong></span> <span class='ocrx_word' id='word_1_210' title='bbox 943 2887 1041 2935; x_wconf 86' lang='lat' dir='ltr'><strong>and</strong></span> <span class='ocrx_word' id='word_1_211' title='bbox 1079 2887 1315 2934; x_wconf 81' lang='lat' dir='ltr'><strong>Rabanus</strong></span> <span class='ocrx_word' id='word_1_212' title='bbox 1347 2886 1499 2935; x_wconf 87' lang='lat' dir='ltr'><strong>insert</strong></span> 
     </span>
     <span class='ocr_line' id='line_1_24' title="bbox 344 2967 1498 3037; baseline -0.004 -18"><span class='ocrx_word' id='word_1_213' title='bbox 344 2981 454 3037; x_wconf 87' lang='lat' dir='ltr'><strong>part</strong></span> <span class='ocrx_word' id='word_1_214' title='bbox 487 2970 546 3019; x_wconf 79' lang='lat' dir='ltr'><strong>of</strong></span> <span class='ocrx_word' id='word_1_215' title='bbox 574 2970 703 3018; x_wconf 88' lang='lat' dir='ltr'><strong>Phil.</strong></span> <span class='ocrx_word' id='word_1_216' title='bbox 739 2969 790 3017; x_wconf 90' lang='lat' dir='ltr'><strong>ii.</strong></span> <span class='ocrx_word' id='word_1_217' title='bbox 830 2983 955 3016; x_wconf 87' lang='lat' dir='ltr'><strong>2—a</strong></span> <span class='ocrx_word' id='word_1_218' title='bbox 982 2983 1119 3016; x_wconf 86' lang='lat' dir='ltr'><strong>verse</strong></span> <span class='ocrx_word' id='word_1_219' title='bbox 1141 2967 1343 3029; x_wconf 83' lang='lat' dir='ltr'><strong>already</strong></span> <span class='ocrx_word' id='word_1_220' title='bbox 1364 2982 1498 3015; x_wconf 89' lang='lat' dir='ltr'><strong>com-</strong></span> 
     </span>
     <span class='ocr_line' id='line_1_25' title="bbox 344 3049 1500 3117; baseline -0.006 -13"><span class='ocrx_word' id='word_1_221' title='bbox 344 3054 545 3104; x_wconf 87' lang='lat' dir='ltr'><strong>mented</strong></span> <span class='ocrx_word' id='word_1_222' title='bbox 591 3068 741 3117; x_wconf 90' lang='lat' dir='ltr'><strong>upon,</strong></span> <span class='ocrx_word' id='word_1_223' title='bbox 784 3052 887 3100; x_wconf 85' lang='lat' dir='ltr'><strong>and</strong></span> <span class='ocrx_word' id='word_1_224' title='bbox 929 3050 1111 3112; x_wconf 84' lang='lat' dir='ltr'><strong>utterly</strong></span> <span class='ocrx_word' id='word_1_225' title='bbox 1147 3049 1408 3098; x_wconf 77' lang='lat' dir='ltr'><strong>irrelevant</strong></span> <span class='ocrx_word' id='word_1_226' title='bbox 1448 3055 1500 3097; x_wconf 90' lang='lat' dir='ltr'><strong>to</strong></span> 
     </span>
     <span class='ocr_line' id='line_1_26' title="bbox 323 3130 1500 3196; baseline -0.008 -9"><span class='ocrx_word' id='word_1_227' title='bbox 323 3139 429 3187; x_wconf 84' lang='lat' dir='ltr'><strong>&#39;the</strong></span> <span class='ocrx_word' id='word_1_228' title='bbox 474 3145 655 3185; x_wconf 89' lang='lat' dir='ltr'><strong>matter</strong></span> <span class='ocrx_word' id='word_1_229' title='bbox 688 3136 741 3183; x_wconf 91' lang='lat' dir='ltr'><strong>in</strong></span> <span class='ocrx_word' id='word_1_230' title='bbox 774 3135 927 3183; x_wconf 86' lang='lat' dir='ltr'><strong>hand.</strong></span> <span class='ocrx_word' id='word_1_231' title='bbox 1022 3131 1154 3182; x_wconf 87' lang='lat' dir='ltr'><strong>Prof.</strong></span> <span class='ocrx_word' id='word_1_232' title='bbox 1193 3130 1372 3196; x_wconf 90' lang='lat' dir='ltr'><strong>Jacobi</strong></span> <span class='ocrx_word' id='word_1_233' title='bbox 1409 3131 1500 3179; x_wconf 82' lang='lat' dir='ltr'><strong>has</strong></span> 
     </span>
     <span class='ocr_line' id='line_1_27' title="bbox 345 3213 1500 3288; baseline -0.011 -15"><span class='ocrx_word' id='word_1_234' title='bbox 345 3224 529 3288; x_wconf 85' lang='lat' dir='ltr'><strong>rightly</strong></span> <span class='ocrx_word' id='word_1_235' title='bbox 555 3217 818 3284; x_wconf 83' lang='lat' dir='ltr'><strong>expunged</strong></span> <span class='ocrx_word' id='word_1_236' title='bbox 852 3217 935 3265; x_wconf 88' lang='lat' dir='ltr'><strong>the</strong></span> <span class='ocrx_word' id='word_1_237' title='bbox 970 3215 1133 3264; x_wconf 87' lang='lat' dir='ltr'><strong>words</strong></span> <span class='ocrx_word' id='word_1_238' title='bbox 1166 3230 1220 3262; x_wconf 85' lang='lat' dir='ltr'><strong>as</strong></span> <span class='ocrx_word' id='word_1_239' title='bbox 1254 3229 1318 3262; x_wconf 89' lang='lat' dir='ltr'><strong>an</strong></span> <span class='ocrx_word' id='word_1_240' title='bbox 1352 3213 1500 3261; x_wconf 87' lang='lat' dir='ltr'><strong>inter-</strong></span> 
     </span>
     <span class='ocr_line' id='line_1_28' title="bbox 345 3295 1499 3367; baseline -0.009 -16"><span class='ocrx_word' id='word_1_241' title='bbox 345 3302 589 3367; x_wconf 87' lang='lat' dir='ltr'><strong>polation,</strong></span> <span class='ocrx_word' id='word_1_242' title='bbox 625 3296 867 3361; x_wconf 87' lang='lat' dir='ltr'><strong>although</strong></span> <span class='ocrx_word' id='word_1_243' title='bbox 905 3295 943 3344; x_wconf 82' lang='lat' dir='ltr'><strong>it</strong></span> <span class='ocrx_word' id='word_1_244' title='bbox 979 3295 1023 3344; x_wconf 85' lang='lat' dir='ltr'><strong>is</strong></span> <span class='ocrx_word' id='word_1_245' title='bbox 1057 3303 1145 3343; x_wconf 92' lang='lat' dir='ltr'><strong>not</strong></span> <span class='ocrx_word' id='word_1_246' title='bbox 1179 3309 1296 3357; x_wconf 82' lang='lat' dir='ltr'><strong>easy</strong></span> <span class='ocrx_word' id='word_1_247' title='bbox 1327 3302 1380 3342; x_wconf 94' lang='lat' dir='ltr'><strong>to</strong></span> <span class='ocrx_word' id='word_1_248' title='bbox 1420 3308 1499 3341; x_wconf 80' lang='lat' dir='ltr'><strong>ac·</strong></span> 
     </span>
     <span class='ocr_line' id='line_1_29' title="bbox 346 3374 1497 3436; baseline -0.012 0"><span class='ocrx_word' id='word_1_249' title='bbox 346 3394 495 3436; x_wconf 88' lang='lat' dir='ltr'><strong>count</strong></span> <span class='ocrx_word' id='word_1_250' title='bbox 511 3384 587 3433; x_wconf 82' lang='lat' dir='ltr'><strong>sor</strong></span> <span class='ocrx_word' id='word_1_251' title='bbox 605 3382 733 3431; x_wconf 90' lang='lat' dir='ltr'><strong>their</strong></span> <span class='ocrx_word' id='word_1_252' title='bbox 748 3393 1041 3429; x_wconf 88' lang='lat' dir='ltr'><strong>occurrence</strong></span> <span class='ocrx_word' id='word_1_253' title='bbox 1060 3377 1112 3424; x_wconf 89' lang='lat' dir='ltr'><strong>in</strong></span> <span class='ocrx_word' id='word_1_254' title='bbox 1134 3377 1202 3425; x_wconf 92' lang='lat' dir='ltr'><strong>all</strong></span> <span class='ocrx_word' id='word_1_255' title='bbox 1221 3391 1310 3425; x_wconf 90' lang='lat' dir='ltr'><strong>our</strong></span> <span class='ocrx_word' id='word_1_256' title='bbox 1323 3374 1497 3423; x_wconf 87' lang='lat' dir='ltr'><strong>autho-</strong></span> 
     </span>
     <span class='ocr_line' id='line_1_30' title="bbox 344 3456 1499 3516; baseline -0.011 0"><span class='ocrx_word' id='word_1_257' title='bbox 344 3468 496 3516; x_wconf 87' lang='lat' dir='ltr'><strong>rities.</strong></span> <span class='ocrx_word' id='word_1_258' title='bbox 572 3465 621 3513; x_wconf 88' lang='lat' dir='ltr'><strong>It</strong></span> <span class='ocrx_word' id='word_1_259' title='bbox 657 3462 756 3511; x_wconf 82' lang='lat' dir='ltr'><strong>will</strong></span> <span class='ocrx_word' id='word_1_260' title='bbox 790 3462 854 3510; x_wconf 90' lang='lat' dir='ltr'><strong>be</strong></span> <span class='ocrx_word' id='word_1_261' title='bbox 887 3458 1129 3509; x_wconf 85' lang='lat' dir='ltr'><strong>observed</strong></span> <span class='ocrx_word' id='word_1_262' title='bbox 1163 3457 1271 3506; x_wconf 79' lang='lat' dir='ltr'><strong>that</strong></span> <span class='ocrx_word' id='word_1_263' title='bbox 1308 3457 1378 3516; x_wconf 88' lang='lat' dir='ltr'><strong>(r)</strong></span> <span class='ocrx_word' id='word_1_264' title='bbox 1413 3456 1499 3504; x_wconf 88' lang='lat' dir='ltr'><strong>the</strong></span> 
     </span>
     <span class='ocr_line' id='line_1_31' title="bbox 345 3537 1500 3599; baseline -0.012 0"><span class='ocrx_word' id='word_1_265' title='bbox 345 3550 540 3599; x_wconf 87' lang='lat' dir='ltr'><strong>version</strong></span> <span class='ocrx_word' id='word_1_266' title='bbox 576 3548 616 3596; x_wconf 90' lang='lat' dir='ltr'><strong>is</strong></span> <span class='ocrx_word' id='word_1_267' title='bbox 648 3543 884 3595; x_wconf 86' lang='lat' dir='ltr'><strong>identical</strong></span> <span class='ocrx_word' id='word_1_268' title='bbox 918 3542 1038 3590; x_wconf 84' lang='lat' dir='ltr'><strong>with</strong></span> <span class='ocrx_word' id='word_1_269' title='bbox 1074 3556 1165 3589; x_wconf 90' lang='lat' dir='ltr'><strong>our</strong></span> <span class='ocrx_word' id='word_1_270' title='bbox 1197 3537 1500 3589; x_wconf 83' lang='lat' dir='ltr'><strong>translator&#39;s</strong></span> 
     </span>
     <span class='ocr_line' id='line_1_32' title="bbox 349 3620 1501 3697; baseline -0.012 -16"><span class='ocrx_word' id='word_1_271' title='bbox 349 3628 572 3697; x_wconf 82' lang='lat' dir='ltr'><strong>(supra);</strong></span> <span class='ocrx_word' id='word_1_272' title='bbox 608 3629 679 3690; x_wconf 85' lang='lat'><strong>(2)</strong></span> <span class='ocrx_word' id='word_1_273' title='bbox 718 3627 845 3676; x_wconf 88' lang='lat' dir='ltr'><strong>Rab.</strong></span> <span class='ocrx_word' id='word_1_274' title='bbox 879 3625 1028 3673; x_wconf 83' lang='lat' dir='ltr'><strong>omits</strong></span> <span class='ocrx_word' id='word_1_275' title='bbox 1063 3622 1147 3671; x_wconf 88' lang='lat' dir='ltr'><strong>the</strong></span> <span class='ocrx_word' id='word_1_276' title='bbox 1181 3637 1318 3669; x_wconf 87' lang='lat' dir='ltr'><strong>verse</strong></span> <span class='ocrx_word' id='word_1_277' title='bbox 1353 3620 1404 3668; x_wconf 93' lang='lat' dir='ltr'><strong>in</strong></span> <span class='ocrx_word' id='word_1_278' title='bbox 1438 3621 1501 3668; x_wconf 90' lang='lat' dir='ltr'><strong>its</strong></span> 
     </span>
     <span class='ocr_line' id='line_1_33' title="bbox 346 3700 1499 3779; baseline -0.014 -16"><span class='ocrx_word' id='word_1_279' title='bbox 346 3728 531 3779; x_wconf 88' lang='lat' dir='ltr'><strong>proper</strong></span> <span class='ocrx_word' id='word_1_280' title='bbox 562 3712 720 3776; x_wconf 87' lang='lat' dir='ltr'><strong>place.</strong></span> <span class='ocrx_word' id='word_1_281' title='bbox 795 3709 855 3756; x_wconf 89' lang='lat' dir='ltr'><strong>In</strong></span> <span class='ocrx_word' id='word_1_282' title='bbox 884 3706 963 3755; x_wconf 85' lang='lat' dir='ltr'><strong>his</strong></span> <span class='ocrx_word' id='word_1_283' title='bbox 993 3721 1139 3769; x_wconf 87' lang='lat' dir='ltr'><strong>copy,</strong></span> <span class='ocrx_word' id='word_1_284' title='bbox 1172 3719 1228 3751; x_wconf 93' lang='lat' dir='ltr'><strong>or</strong></span> <span class='ocrx_word' id='word_1_285' title='bbox 1262 3703 1323 3750; x_wconf 87' lang='lat' dir='ltr'><strong>its</strong></span> <span class='ocrx_word' id='word_1_286' title='bbox 1353 3700 1499 3765; x_wconf 85' lang='lat' dir='ltr'><strong>origi·</strong></span> 
     </span>
     <span class='ocr_line' id='line_1_34' title="bbox 347 3783 1502 3851; baseline -0.01 -10"><span class='ocrx_word' id='word_1_287' title='bbox 347 3794 445 3851; x_wconf 83' lang='lat' dir='ltr'><strong>nal,</strong></span> <span class='ocrx_word' id='word_1_288' title='bbox 487 3792 571 3841; x_wconf 90' lang='lat' dir='ltr'><strong>the</strong></span> <span class='ocrx_word' id='word_1_289' title='bbox 606 3790 769 3839; x_wconf 90' lang='lat' dir='ltr'><strong>words</strong></span> <span class='ocrx_word' id='word_1_290' title='bbox 801 3788 902 3836; x_wconf 89' lang='lat' dir='ltr'><strong>had</strong></span> <span class='ocrx_word' id='word_1_291' title='bbox 939 3786 1041 3835; x_wconf 86' lang='lat' dir='ltr'><strong>first</strong></span> <span class='ocrx_word' id='word_1_292' title='bbox 1080 3785 1210 3833; x_wconf 92' lang='lat' dir='ltr'><strong>been</strong></span> <span class='ocrx_word' id='word_1_293' title='bbox 1247 3784 1396 3846; x_wconf 88' lang='lat' dir='ltr'><strong>dropt</strong></span> <span class='ocrx_word' id='word_1_294' title='bbox 1434 3783 1502 3846; x_wconf 90' lang='lat' dir='ltr'><strong>by</strong></span> 
     </span>
     <span class='ocr_line' id='line_1_35' title="bbox 347 3857 1500 3931; baseline -0.01 -7"><span class='ocrx_word' id='word_1_295' title='bbox 347 3875 433 3924; x_wconf 90' lang='lat' dir='ltr'><strong>the</strong></span> <span class='ocrx_word' id='word_1_296' title='bbox 455 3875 629 3931; x_wconf 85' lang='lat' dir='ltr'><strong>scribe,</strong></span> <span class='ocrx_word' id='word_1_297' title='bbox 659 3872 758 3920; x_wconf 87' lang='lat' dir='ltr'><strong>and</strong></span> <span class='ocrx_word' id='word_1_298' title='bbox 791 3870 907 3919; x_wconf 86' lang='lat' dir='ltr'><strong>then</strong></span> <span class='ocrx_word' id='word_1_299' title='bbox 944 3857 1158 3917; x_wconf 69' lang='lat' dir='ltr'><strong>inserted</strong></span> <span class='ocrx_word' id='word_1_300' title='bbox 1190 3868 1257 3930; x_wconf 90' lang='lat' dir='ltr'><strong>by</strong></span> <span class='ocrx_word' id='word_1_301' title='bbox 1281 3867 1364 3915; x_wconf 88' lang='lat' dir='ltr'><strong>the</strong></span> <span class='ocrx_word' id='word_1_302' title='bbox 1395 3881 1500 3914; x_wconf 92' lang='lat' dir='ltr'><strong>cor-</strong></span> 
     </span>
     <span class='ocr_line' id='line_1_36' title="bbox 348 3946 1494 4013; baseline -0.008 -9"><span class='ocrx_word' id='word_1_303' title='bbox 348 3964 507 4004; x_wconf 89' lang='lat' dir='ltr'><strong>rector</strong></span> <span class='ocrx_word' id='word_1_304' title='bbox 531 3955 581 4002; x_wconf 89' lang='lat' dir='ltr'><strong>in</strong></span> <span class='ocrx_word' id='word_1_305' title='bbox 606 3952 689 4002; x_wconf 87' lang='lat' dir='ltr'><strong>the</strong></span> <span class='ocrx_word' id='word_1_306' title='bbox 721 3950 913 4013; x_wconf 87' lang='lat' dir='ltr'><strong>margin</strong></span> <span class='ocrx_word' id='word_1_307' title='bbox 945 3957 995 3997; x_wconf 86' lang='lat' dir='ltr'><strong>at</strong></span> <span class='ocrx_word' id='word_1_308' title='bbox 1028 3948 1112 3997; x_wconf 88' lang='lat' dir='ltr'><strong>the</strong></span> <span class='ocrx_word' id='word_1_309' title='bbox 1138 3962 1307 4009; x_wconf 86' lang='lat' dir='ltr'><strong>wrong</strong></span> <span class='ocrx_word' id='word_1_310' title='bbox 1338 3946 1494 4009; x_wconf 86' lang='lat' dir='ltr'><strong>point.</strong></span> 
     </span>
     <span class='ocr_line' id='line_1_37' title="bbox 349 4027 1500 4097; baseline -0.009 -11"><span class='ocrx_word' id='word_1_311' title='bbox 349 4036 457 4086; x_wconf 90' lang='lat' dir='ltr'><strong>Our</strong></span> <span class='ocrx_word' id='word_1_312' title='bbox 490 4035 644 4085; x_wconf 88' lang='lat' dir='ltr'><strong>MSS.</strong></span> <span class='ocrx_word' id='word_1_313' title='bbox 685 4041 854 4097; x_wconf 82' lang='lat' dir='ltr'><strong>repeat</strong></span> <span class='ocrx_word' id='word_1_314' title='bbox 892 4031 975 4079; x_wconf 87' lang='lat' dir='ltr'><strong>the</strong></span> <span class='ocrx_word' id='word_1_315' title='bbox 1014 4045 1150 4079; x_wconf 90' lang='lat' dir='ltr'><strong>error</strong></span> <span class='ocrx_word' id='word_1_316' title='bbox 1188 4027 1245 4078; x_wconf 84' lang='lat' dir='ltr'><strong>os</strong></span> <span class='ocrx_word' id='word_1_317' title='bbox 1278 4029 1361 4077; x_wconf 87' lang='lat' dir='ltr'><strong>the</strong></span> <span class='ocrx_word' id='word_1_318' title='bbox 1398 4043 1500 4077; x_wconf 91' lang='lat' dir='ltr'><strong>cor-</strong></span> 
     </span>
     <span class='ocr_line' id='line_1_38' title="bbox 348 4111 1246 4169; baseline -0.01 0"><span class='ocrx_word' id='word_1_319' title='bbox 348 4127 509 4169; x_wconf 90' lang='lat' dir='ltr'><strong>rector</strong></span> <span class='ocrx_word' id='word_1_320' title='bbox 530 4118 694 4167; x_wconf 87' lang='lat' dir='ltr'><strong>alone.</strong></span> <span class='ocrx_word' id='word_1_321' title='bbox 764 4116 859 4165; x_wconf 92' lang='lat' dir='ltr'><strong>See</strong></span> <span class='ocrx_word' id='word_1_322' title='bbox 885 4111 1246 4161; x_wconf 89' lang='lat' dir='ltr'><strong>Introduction.</strong></span> 
     </span>
    </p>

    <p class='ocr_par' dir='ltr' id='par_1_7' title="bbox 348 4192 1503 4429">
     <span class='ocr_line' id='line_1_39' title="bbox 416 4192 1503 4264; baseline -0.011 -14"><span class='ocrx_word' id='word_1_323' title='bbox 416 4217 459 4264; x_wconf 83' lang='lat'><strong>3.</strong></span> <span class='ocrx_word' id='word_1_324' title='bbox 531 4199 817 4263; x_wconf 78' lang='lat' dir='ltr'><strong>dignitatem</strong></span> <span class='ocrx_word' id='word_1_325' title='bbox 903 4192 1120 4259; x_wconf 77' lang='lat' dir='ltr'><strong>poterat]</strong></span> <span class='ocrx_word' id='word_1_326' title='bbox 1226 4192 1373 4241; x_wconf 88' lang='lat' dir='ltr'><strong>Cited</strong></span> <span class='ocrx_word' id='word_1_327' title='bbox 1434 4192 1503 4254; x_wconf 86' lang='lat' dir='ltr'><strong>by</strong></span> 
     </span>
     <span class='ocr_line' id='line_1_40' title="bbox 351 4272 1502 4339; baseline -0.009 -9"><span class='ocrx_word' id='word_1_328' title='bbox 351 4281 612 4339; x_wconf 84' lang='lat' dir='ltr'><strong>Lansranc,</strong></span> <span class='ocrx_word' id='word_1_329' title='bbox 656 4278 777 4327; x_wconf 86' lang='lat' dir='ltr'><strong>with</strong></span> <span class='ocrx_word' id='word_1_330' title='bbox 823 4277 908 4326; x_wconf 91' lang='lat' dir='ltr'><strong>the</strong></span> <span class='ocrx_word' id='word_1_331' title='bbox 951 4277 1147 4325; x_wconf 88' lang='lat' dir='ltr'><strong>curious</strong></span> <span class='ocrx_word' id='word_1_332' title='bbox 1192 4288 1327 4322; x_wconf 88' lang='lat' dir='ltr'><strong>error</strong></span> <span class='ocrx_word' id='word_1_333' title='bbox 1366 4272 1502 4334; x_wconf 88' lang='lat' dir='ltr'><strong>[mis-</strong></span> 
     </span>
     <span class='ocr_line' id='line_1_41' title="bbox 348 4356 1404 4429; baseline -0.01 -16"><span class='ocrx_word' id='word_1_334' title='bbox 348 4367 481 4429; x_wconf 90' lang='lat' dir='ltr'><strong>print</strong></span> <span class='ocrx_word' id='word_1_335' title='bbox 494 4363 536 4424; x_wconf 85' lang='lat'><strong>?]</strong></span> <span class='ocrx_word' id='word_1_336' title='bbox 562 4362 620 4412; x_wconf 86' lang='lat' dir='ltr'><strong>os</strong></span> <span class='ocrx_word' id='word_1_337' title='bbox 634 4359 943 4409; x_wconf 82' lang='lat' dir='ltr'><strong>audientibus</strong></span> <span class='ocrx_word' id='word_1_338' title='bbox 964 4357 1040 4406; x_wconf 76' lang='lat' dir='ltr'><strong>sor</strong></span> <span class='ocrx_word' id='word_1_339' title='bbox 1060 4373 1092 4404; x_wconf 87' lang='lat' dir='ltr'><strong>a</strong></span> <span class='ocrx_word' id='word_1_340' title='bbox 1115 4356 1404 4404; x_wconf 78' lang='lat' dir='ltr'><strong>uidentibus.</strong></span> 
     </span>
    </p>

    <p class='ocr_par' dir='ltr' id='par_1_8' title="bbox 349 4436 1499 4588">
     <span class='ocr_line' id='line_1_42' title="bbox 413 4436 1499 4510; baseline -0.008 -15"><span class='ocrx_word' id='word_1_341' title='bbox 413 4446 697 4510; x_wconf 61' lang='lat' dir='ltr'><strong>dtgnitatem</strong></span> <span class='ocrx_word' id='word_1_342' title='bbox 755 4442 897 4490; x_wconf 81' lang='lat' dir='ltr'><strong>illam</strong></span> <span class='ocrx_word' id='word_1_343' title='bbox 951 4438 1217 4499; x_wconf 78' lang='lat' dir='ltr'><strong>abscondit]</strong></span> <span class='ocrx_word' id='word_1_344' title='bbox 1325 4436 1499 4486; x_wconf 89' lang='lat' dir='ltr'><strong>Thdt.:</strong></span> 
     </span>
     <span class='ocr_line' id='line_1_43' title="bbox 349 4518 1494 4588; baseline -0.008 -13"><span class='ocrx_word' id='word_1_345' title='bbox 349 4529 437 4588; x_wconf 75' lang='grc' dir='ltr'>τὴν</span> <span class='ocrx_word' id='word_1_346' title='bbox 476 4526 611 4588; x_wconf 75' lang='grc' dir='ltr'>ἀξίαν</span> <span class='ocrx_word' id='word_1_347' title='bbox 646 4525 968 4585; x_wconf 73' lang='grc' dir='ltr'>κατακρύψας.</span> <span class='ocrx_word' id='word_1_348' title='bbox 1043 4519 1124 4569; x_wconf 77' lang='lat' dir='ltr'><strong>Cf.</strong></span> <span class='ocrx_word' id='word_1_349' title='bbox 1161 4520 1261 4570; x_wconf 86' lang='lat' dir='ltr'><strong>Gk.</strong></span> <span class='ocrx_word' id='word_1_350' title='bbox 1297 4518 1494 4583; x_wconf 68' lang='lat' dir='ltr'><strong>(infi‘a).</strong></span> 
     </span>
    </p>
   </div>
   <div class='ocr_carea' id='block_1_7' title="bbox 1599 2803 2761 4578">
    <p class='ocr_par' dir='ltr' id='par_1_9' title="bbox 1599 2803 2755 2936">
     <span class='ocr_line' id='line_1_44' title="bbox 1601 2803 2755 2869; baseline -0.002 -15"><span class='ocrx_word' id='word_1_351' title='bbox 1601 2804 1861 2869; x_wconf 82' lang='lat' dir='ltr'><strong>Pelagius:</strong></span> <span class='ocrx_word' id='word_1_352' title='bbox 1924 2805 2111 2869; x_wconf 84' lang='lat' dir='ltr'><strong>“quod</strong></span> <span class='ocrx_word' id='word_1_353' title='bbox 2156 2811 2261 2853; x_wconf 86' lang='lat' dir='ltr'><strong>erat</strong></span> <span class='ocrx_word' id='word_1_354' title='bbox 2302 2803 2583 2854; x_wconf 86' lang='lat' dir='ltr'><strong>humilitate</strong></span> <span class='ocrx_word' id='word_1_355' title='bbox 2626 2804 2755 2854; x_wconf 90' lang='lat' dir='ltr'><strong>cela-</strong></span> 
     </span>
     <span class='ocr_line' id='line_1_45' title="bbox 1599 2886 1722 2936; baseline -0.016 0"><span class='ocrx_word' id='word_1_356' title='bbox 1599 2886 1722 2936; x_wconf 86' lang='lat' dir='ltr'><strong>uit.”</strong></span> 
     </span>
    </p>

    <p class='ocr_par' dir='ltr' id='par_1_10' title="bbox 1599 2965 2761 4578">
     <span class='ocr_line' id='line_1_46' title="bbox 1664 2965 2755 3031; baseline -0.002 -15"><span class='ocrx_word' id='word_1_357' title='bbox 1664 2966 1711 3018; x_wconf 93' lang='lat'><strong>6.</strong></span> <span class='ocrx_word' id='word_1_358' title='bbox 1754 2967 2109 3031; x_wconf 84' lang='lat' dir='ltr'><strong>sormam...ut</strong></span> <span class='ocrx_word' id='word_1_359' title='bbox 2120 2966 2251 3014; x_wconf 78' lang='lat' dir='ltr'><strong>dicat</strong></span> <span class='ocrx_word' id='word_1_360' title='bbox 2267 2965 2526 3027; x_wconf 80' lang='lat' dir='ltr'><strong>naturam]</strong></span> <span class='ocrx_word' id='word_1_361' title='bbox 2569 2966 2755 3029; x_wconf 90' lang='lat' dir='ltr'><strong>Comp.</strong></span> 
     </span>
     <span class='ocr_line' id='line_1_47' title="bbox 1601 3045 2759 3106; baseline -0.003 -8"><span class='ocrx_word' id='word_1_362' title='bbox 1601 3048 1744 3098; x_wconf 87' lang='lat' dir='ltr'><strong>Th.’s</strong></span> <span class='ocrx_word' id='word_1_363' title='bbox 1766 3064 1945 3098; x_wconf 89' lang='lat' dir='ltr'><strong>comm.</strong></span> <span class='ocrx_word' id='word_1_364' title='bbox 1976 3064 2043 3097; x_wconf 92' lang='lat' dir='ltr'><strong>on</strong></span> <span class='ocrx_word' id='word_1_365' title='bbox 2080 3048 2223 3095; x_wconf 88' lang='lat' dir='ltr'><strong>Rom.</strong></span> <span class='ocrx_word' id='word_1_366' title='bbox 2252 3046 2304 3094; x_wconf 90' lang='lat' dir='ltr'><strong>ii.</strong></span> <span class='ocrx_word' id='word_1_367' title='bbox 2329 3061 2425 3095; x_wconf 78' lang='lat'><strong>20:</strong></span> <span class='ocrx_word' id='word_1_368' title='bbox 2458 3045 2759 3106; x_wconf 79' lang='grc' dir='ltr'>μόρφωσιν</span> 
     </span>
     <span class='ocr_line' id='line_1_48' title="bbox 1601 3121 2759 3190; baseline -0.003 -13"><span class='ocrx_word' id='word_1_369' title='bbox 1601 3130 1740 3190; x_wconf 84' lang='grc' dir='ltr'>λέγει</span> <span class='ocrx_word' id='word_1_370' title='bbox 1773 3129 1828 3176; x_wconf 81' lang='grc' dir='ltr'>οὔ</span> <span class='ocrx_word' id='word_1_371' title='bbox 1859 3131 1948 3188; x_wconf 78' lang='grc' dir='ltr'>τὴν</span> <span class='ocrx_word' id='word_1_372' title='bbox 1982 3126 2306 3185; x_wconf 72' lang='grc' dir='ltr'>προτύτωσιν,</span> <span class='ocrx_word' id='word_1_373' title='bbox 2347 3121 2456 3172; x_wconf 65' lang='grc' dir='ltr'><strong>ἀλλ’</strong></span> <span class='ocrx_word' id='word_1_374' title='bbox 2490 3124 2638 3184; x_wconf 73' lang='grc' dir='ltr'>αὐτήν</span> <span class='ocrx_word' id='word_1_375' title='bbox 2667 3125 2759 3184; x_wconf 78' lang='grc' dir='ltr'>τήν</span> 
     </span>
     <span class='ocr_line' id='line_1_49' title="bbox 1604 3202 2754 3268; baseline -0.004 -10"><span class='ocrx_word' id='word_1_376' title='bbox 1604 3209 1870 3259; x_wconf 71' lang='grc' dir='ltr'>ὑπόστασιν</span> <span class='ocrx_word' id='word_1_377' title='bbox 1894 3209 1973 3256; x_wconf 78' lang='grc' dir='ltr'><strong>καὶ</strong></span> <span class='ocrx_word' id='word_1_378' title='bbox 1996 3203 2083 3267; x_wconf 82' lang='grc' dir='ltr'>τὴν</span> <span class='ocrx_word' id='word_1_379' title='bbox 2103 3206 2282 3268; x_wconf 84' lang='grc' dir='ltr'>γνῶσιν</span> <span class='ocrx_word' id='word_1_380' title='bbox 2302 3208 2381 3254; x_wconf 80' lang='grc' dir='ltr'><strong>καὶ</strong></span> <span class='ocrx_word' id='word_1_381' title='bbox 2399 3202 2488 3265; x_wconf 84' lang='grc' dir='ltr'>τὴν</span> <span class='ocrx_word' id='word_1_382' title='bbox 2504 3204 2754 3265; x_wconf 76' lang='grc' dir='ltr'>α’λήθειαν·</span> 
     </span>
     <span class='ocr_line' id='line_1_50' title="bbox 1602 3282 2749 3349; baseline -0.002 -12"><span class='ocrx_word' id='word_1_383' title='bbox 1602 3288 1664 3338; x_wconf 72' lang='grc' dir='ltr'><strong>ὠς</strong></span> <span class='ocrx_word' id='word_1_384' title='bbox 1708 3289 1764 3336; x_wconf 87' lang='grc' dir='ltr'><strong>τὸ</strong></span> <span class='ocrx_word' id='word_1_385' title='bbox 1806 3289 1862 3338; x_wconf 74' lang='grc' dir='ltr'><strong>ὃς</strong></span> <span class='ocrx_word' id='word_1_386' title='bbox 1916 3288 1975 3335; x_wconf 82' lang='grc' dir='ltr'>ἐν</span> <span class='ocrx_word' id='word_1_387' title='bbox 2025 3282 2222 3349; x_wconf 74' lang='grc' dir='ltr'>μορφῇ</span> <span class='ocrx_word' id='word_1_388' title='bbox 2281 3284 2414 3334; x_wconf 76' lang='grc' dir='ltr'>θεοῦ</span> <span class='ocrx_word' id='word_1_389' title='bbox 2465 3285 2749 3347; x_wconf 71' lang='grc' dir='ltr'>ὑπάρχων.</span> 
     </span>
     <span class='ocr_line' id='line_1_51' title="bbox 1601 3367 2754 3433; baseline -0.001 -15"><span class='ocrx_word' id='word_1_390' title='bbox 1601 3370 1796 3433; x_wconf 68' lang='lat' dir='ltr'><strong>Chrys„</strong></span> <span class='ocrx_word' id='word_1_391' title='bbox 1829 3368 2037 3433; x_wconf 84' lang='lat' dir='ltr'><strong>arguing</strong></span> <span class='ocrx_word' id='word_1_392' title='bbox 2069 3367 2263 3432; x_wconf 81' lang='lat' dir='ltr'><strong>against</strong></span> <span class='ocrx_word' id='word_1_393' title='bbox 2297 3367 2382 3416; x_wconf 89' lang='lat' dir='ltr'><strong>the</strong></span> <span class='ocrx_word' id='word_1_394' title='bbox 2416 3367 2754 3425; x_wconf 66' lang='lat' dir='ltr'><strong>Marcionites»,</strong></span> 
     </span>
     <span class='ocr_line' id='line_1_52' title="bbox 1600 3447 2755 3514; baseline -0.002 -14"><span class='ocrx_word' id='word_1_395' title='bbox 1600 3452 1716 3500; x_wconf 85' lang='lat' dir='ltr'><strong>who</strong></span> <span class='ocrx_word' id='word_1_396' title='bbox 1736 3450 1961 3499; x_wconf 87' lang='lat' dir='ltr'><strong>adduced</strong></span> <span class='ocrx_word' id='word_1_397' title='bbox 1984 3449 2186 3513; x_wconf 79' lang='lat' dir='ltr'><strong>S-John</strong></span> <span class='ocrx_word' id='word_1_398' title='bbox 2205 3448 2307 3497; x_wconf 83' lang='lat' dir='ltr'><strong>xiii.</strong></span> <span class='ocrx_word' id='word_1_399' title='bbox 2326 3467 2372 3510; x_wconf 82' lang='lat'><strong>4,</strong></span> <span class='ocrx_word' id='word_1_400' title='bbox 2388 3465 2459 3513; x_wconf 86' lang='lat' dir='ltr'><strong>sq.</strong></span> <span class='ocrx_word' id='word_1_401' title='bbox 2484 3447 2565 3512; x_wconf 85' lang='lat' dir='ltr'><strong>(cf.</strong></span> <span class='ocrx_word' id='word_1_402' title='bbox 2585 3448 2755 3514; x_wconf 84' lang='lat' dir='ltr'><strong>Pelag.</strong></span> 
     </span>
     <span class='ocr_line' id='line_1_53' title="bbox 1599 3529 2758 3592; baseline 0 -11"><span class='ocrx_word' id='word_1_403' title='bbox 1599 3533 1672 3581; x_wconf 82' lang='lat' dir='ltr'><strong>ad</strong></span> <span class='ocrx_word' id='word_1_404' title='bbox 1699 3532 1749 3582; x_wconf 79' lang='lat' dir='ltr'><strong>h.</strong></span> <span class='ocrx_word' id='word_1_405' title='bbox 1794 3530 1849 3592; x_wconf 88' lang='lat' dir='ltr'><strong>l.)</strong></span> <span class='ocrx_word' id='word_1_406' title='bbox 1891 3546 1946 3579; x_wconf 88' lang='lat' dir='ltr'><strong>as</strong></span> <span class='ocrx_word' id='word_1_407' title='bbox 1984 3545 2048 3578; x_wconf 87' lang='lat' dir='ltr'><strong>an</strong></span> <span class='ocrx_word' id='word_1_408' title='bbox 2085 3530 2306 3578; x_wconf 86' lang='lat' dir='ltr'><strong>instance</strong></span> <span class='ocrx_word' id='word_1_409' title='bbox 2341 3530 2399 3579; x_wconf 82' lang='lat' dir='ltr'><strong>of</strong></span> <span class='ocrx_word' id='word_1_410' title='bbox 2432 3530 2539 3580; x_wconf 93' lang='lat' dir='ltr'><strong>Our</strong></span> <span class='ocrx_word' id='word_1_411' title='bbox 2579 3529 2758 3581; x_wconf 83' lang='lat' dir='ltr'><strong>Lord’s</strong></span> 
     </span>
     <span class='ocr_line' id='line_1_54' title="bbox 1599 3612 2755 3679; baseline -0.002 -14"><span class='ocrx_word' id='word_1_412' title='bbox 1599 3615 1908 3679; x_wconf 85' lang='lat' dir='ltr'><strong>assumption</strong></span> <span class='ocrx_word' id='word_1_413' title='bbox 1931 3613 1988 3661; x_wconf 83' lang='lat' dir='ltr'><strong>of</strong></span> <span class='ocrx_word' id='word_1_414' title='bbox 2015 3612 2099 3662; x_wconf 86' lang='lat' dir='ltr'><strong>the</strong></span> <span class='ocrx_word' id='word_1_415' title='bbox 2132 3613 2367 3662; x_wconf 86' lang='lat' dir='ltr'><strong>servant&#39;s</strong></span> <span class='ocrx_word' id='word_1_416' title='bbox 2399 3612 2541 3673; x_wconf 78' lang='lat' dir='ltr'><strong>form,</strong></span> <span class='ocrx_word' id='word_1_417' title='bbox 2580 3629 2755 3678; x_wconf 88' lang='lat' dir='ltr'><strong>urges:</strong></span> 
     </span>
     <span class='ocr_line' id='line_1_55' title="bbox 1602 3693 2756 3757; baseline -0.003 -12"><span class='ocrx_word' id='word_1_418' title='bbox 1602 3694 1707 3745; x_wconf 77' lang='grc' dir='ltr'><strong>ἀλλ’</strong></span> <span class='ocrx_word' id='word_1_419' title='bbox 1747 3699 1829 3745; x_wconf 80' lang='grc' dir='ltr'>οὐκ</span> <span class='ocrx_word' id='word_1_420' title='bbox 1868 3697 2001 3744; x_wconf 86' lang='grc' dir='ltr'>ἔστιν</span> <span class='ocrx_word' id='word_1_421' title='bbox 2041 3695 2184 3743; x_wconf 81' lang='grc' dir='ltr'>τοῦτο</span> <span class='ocrx_word' id='word_1_422' title='bbox 2216 3694 2380 3757; x_wconf 80' lang='grc' dir='ltr'>μορφὴ</span> <span class='ocrx_word' id='word_1_423' title='bbox 2416 3695 2599 3755; x_wconf 82' lang='grc' dir='ltr'>δούλου,</span> <span class='ocrx_word' id='word_1_424' title='bbox 2642 3693 2756 3743; x_wconf 81' lang='grc' dir='ltr'><strong>ἀλλ’</strong></span> 
     </span>
     <span class='ocr_line' id='line_1_56' title="bbox 1603 3776 2759 3841; baseline -0.003 -13"><span class='ocrx_word' id='word_1_425' title='bbox 1603 3783 1745 3841; x_wconf 78' lang='grc' dir='ltr'>ἔργον</span> <span class='ocrx_word' id='word_1_426' title='bbox 1787 3778 2232 3836; x_wconf 81' lang='grc' dir='ltr'>δούλου...οὐδαμοῦ</span> <span class='ocrx_word' id='word_1_427' title='bbox 2273 3780 2325 3827; x_wconf 78' lang='grc' dir='ltr'><strong>δὲ</strong></span> <span class='ocrx_word' id='word_1_428' title='bbox 2366 3780 2418 3826; x_wconf 79' lang='grc' dir='ltr'>ἐν</span> <span class='ocrx_word' id='word_1_429' title='bbox 2470 3779 2535 3838; x_wconf 80' lang='grc' dir='ltr'><strong>τῇ</strong></span> <span class='ocrx_word' id='word_1_430' title='bbox 2586 3776 2759 3840; x_wconf 81' lang='grc' dir='ltr'>γραφῇ</span> 
     </span>
     <span class='ocr_line' id='line_1_57' title="bbox 1600 3857 2758 3924; baseline 0 -14"><span class='ocrx_word' id='word_1_431' title='bbox 1600 3858 1767 3924; x_wconf 85' lang='grc' dir='ltr'>μορφὴ</span> <span class='ocrx_word' id='word_1_432' title='bbox 1813 3861 1919 3908; x_wconf 81' lang='grc' dir='ltr'>α’ντὶ</span> <span class='ocrx_word' id='word_1_433' title='bbox 1964 3862 2106 3922; x_wconf 81' lang='grc' dir='ltr'>ἔργον</span> <span class='ocrx_word' id='word_1_434' title='bbox 2150 3861 2349 3922; x_wconf 70' lang='grc' dir='ltr'>εἴρηται·</span> <span class='ocrx_word' id='word_1_435' title='bbox 2400 3862 2527 3908; x_wconf 78' lang='grc' dir='ltr'>πολὺ</span> <span class='ocrx_word' id='word_1_436' title='bbox 2564 3857 2662 3922; x_wconf 79' lang='grc' dir='ltr'><strong>γὰρ</strong></span> <span class='ocrx_word' id='word_1_437' title='bbox 2700 3862 2758 3910; x_wconf 87' lang='grc' dir='ltr'><strong>τὸ</strong></span> 
     </span>
     <span class='ocr_line' id='line_1_58' title="bbox 1600 3936 2758 4003; baseline 0 -13"><span class='ocrx_word' id='word_1_438' title='bbox 1600 3944 1766 4003; x_wconf 82' lang='grc' dir='ltr'>μέσον·</span> <span class='ocrx_word' id='word_1_439' title='bbox 1814 3943 1878 3989; x_wconf 86' lang='grc' dir='ltr'><strong>τὸ</strong></span> <span class='ocrx_word' id='word_1_440' title='bbox 1913 3942 2016 3999; x_wconf 76' lang='grc' dir='ltr'>μὲν</span> <span class='ocrx_word' id='word_1_441' title='bbox 2052 3936 2165 4001; x_wconf 76' lang='grc' dir='ltr'><strong>γὰρ</strong></span> <span class='ocrx_word' id='word_1_442' title='bbox 2210 3943 2432 4000; x_wconf 67' lang='grc' dir='ltr'>φύσεώς</span> <span class='ocrx_word' id='word_1_443' title='bbox 2475 3943 2656 4002; x_wconf 79' lang='grc' dir='ltr'>ἐστιν,</span> <span class='ocrx_word' id='word_1_444' title='bbox 2700 3939 2758 3990; x_wconf 83' lang='grc' dir='ltr'><strong>τὸ</strong></span> 
     </span>
     <span class='ocr_line' id='line_1_59' title="bbox 1605 4023 2758 4086; baseline -0.001 -13"><span class='ocrx_word' id='word_1_445' title='bbox 1605 4026 1654 4073; x_wconf 77' lang='grc' dir='ltr'><strong>δὲ</strong></span> <span class='ocrx_word' id='word_1_446' title='bbox 1679 4026 1929 4086; x_wconf 74' lang='grc' dir='ltr'>ἐνεργείας.</span> <span class='ocrx_word' id='word_1_447' title='bbox 2006 4024 2106 4072; x_wconf 84' lang='lat' dir='ltr'><strong>For</strong></span> <span class='ocrx_word' id='word_1_448' title='bbox 2128 4039 2158 4071; x_wconf 99' lang='lat' dir='ltr'><strong>a</strong></span> <span class='ocrx_word' id='word_1_449' title='bbox 2181 4023 2262 4072; x_wconf 90' lang='lat' dir='ltr'><strong>list</strong></span> <span class='ocrx_word' id='word_1_450' title='bbox 2286 4024 2343 4072; x_wconf 85' lang='lat' dir='ltr'><strong>os</strong></span> <span class='ocrx_word' id='word_1_451' title='bbox 2363 4024 2505 4072; x_wconf 88' lang='lat' dir='ltr'><strong>other</strong></span> <span class='ocrx_word' id='word_1_452' title='bbox 2537 4032 2758 4073; x_wconf 88' lang='lat' dir='ltr'><strong>contem·</strong></span> 
     </span>
     <span class='ocr_line' id='line_1_60' title="bbox 1603 4107 2761 4172; baseline 0 -15"><span class='ocrx_word' id='word_1_453' title='bbox 1603 4124 1784 4172; x_wconf 85' lang='lat' dir='ltr'><strong>porary</strong></span> <span class='ocrx_word' id='word_1_454' title='bbox 1827 4108 1926 4156; x_wconf 87' lang='lat' dir='ltr'><strong>and</strong></span> <span class='ocrx_word' id='word_1_455' title='bbox 1972 4107 2145 4156; x_wconf 87' lang='lat' dir='ltr'><strong>earlier</strong></span> <span class='ocrx_word' id='word_1_456' title='bbox 2190 4115 2474 4171; x_wconf 89' lang='lat' dir='ltr'><strong>supporters</strong></span> <span class='ocrx_word' id='word_1_457' title='bbox 2518 4107 2575 4156; x_wconf 87' lang='lat' dir='ltr'><strong>of</strong></span> <span class='ocrx_word' id='word_1_458' title='bbox 2618 4107 2761 4157; x_wconf 87' lang='lat' dir='ltr'><strong>Th.&#39;s</strong></span> 
     </span>
     <span class='ocr_line' id='line_1_61' title="bbox 1603 4188 2760 4254; baseline 0 -15"><span class='ocrx_word' id='word_1_459' title='bbox 1603 4190 1732 4239; x_wconf 83' lang='lat' dir='ltr'><strong>view</strong></span> <span class='ocrx_word' id='word_1_460' title='bbox 1754 4205 1836 4239; x_wconf 89' lang='lat' dir='ltr'><strong>see</strong></span> <span class='ocrx_word' id='word_1_461' title='bbox 1865 4190 1939 4238; x_wconf 89' lang='lat' dir='ltr'><strong>Dr</strong></span> <span class='ocrx_word' id='word_1_462' title='bbox 1963 4188 2237 4252; x_wconf 82' lang='lat' dir='ltr'><strong>Lightsoot,</strong></span> <span class='ocrx_word' id='word_1_463' title='bbox 2267 4189 2401 4237; x_wconf 72' lang='lat' dir='ltr'><strong>Phil.</strong></span> <span class='ocrx_word' id='word_1_464' title='bbox 2427 4206 2473 4254; x_wconf 92' lang='lat' dir='ltr'><strong>p.</strong></span> <span class='ocrx_word' id='word_1_465' title='bbox 2511 4203 2617 4251; x_wconf 78' lang='lat'>131,</span> <span class='ocrx_word' id='word_1_466' title='bbox 2642 4199 2760 4240; x_wconf 89' lang='lat' dir='ltr'><strong>note</strong></span> 
     </span>
     <span class='ocr_line' id='line_1_62' title="bbox 1610 4269 2759 4335; baseline 0.001 -15"><span class='ocrx_word' id='word_1_467' title='bbox 1610 4286 1629 4320; x_wconf 88' lang='lat'>1</span> <span class='ocrx_word' id='word_1_468' title='bbox 1657 4291 1672 4332; x_wconf 89' lang='lat'>;</span> <span class='ocrx_word' id='word_1_469' title='bbox 1745 4286 1932 4334; x_wconf 86' lang='lat' dir='ltr'><strong>among</strong></span> <span class='ocrx_word' id='word_1_470' title='bbox 1985 4269 2111 4320; x_wconf 85' lang='lat' dir='ltr'><strong>later</strong></span> <span class='ocrx_word' id='word_1_471' title='bbox 2166 4270 2267 4320; x_wconf 82' lang='lat' dir='ltr'><strong>Gk.</strong></span> <span class='ocrx_word' id='word_1_472' title='bbox 2330 4271 2604 4335; x_wconf 85' lang='lat' dir='ltr'><strong>expositors</strong></span> <span class='ocrx_word' id='word_1_473' title='bbox 2657 4272 2759 4321; x_wconf 88' lang='lat' dir='ltr'><strong>add</strong></span> 
     </span>
     <span class='ocr_line' id='line_1_63' title="bbox 1604 4352 2754 4421; baseline -0.004 -15"><span class='ocrx_word' id='word_1_474' title='bbox 1604 4356 1817 4421; x_wconf 86' lang='lat' dir='ltr'><strong>Thpht.:</strong></span> <span class='ocrx_word' id='word_1_475' title='bbox 1873 4357 1926 4403; x_wconf 77' lang='grc' dir='ltr'>ἐν</span> <span class='ocrx_word' id='word_1_476' title='bbox 1972 4353 2137 4415; x_wconf 77' lang='grc' dir='ltr'>μορφῇ</span> <span class='ocrx_word' id='word_1_477' title='bbox 2178 4355 2276 4416; x_wconf 81' lang='grc' dir='ltr'><strong>γὰρ</strong></span> <span class='ocrx_word' id='word_1_478' title='bbox 2321 4352 2444 4410; x_wconf 78' lang='grc' dir='ltr'>θεοῦ,</span> <span class='ocrx_word' id='word_1_479' title='bbox 2490 4355 2754 4413; x_wconf 81' lang='grc' dir='ltr'>τουτέστιν,</span> 
     </span>
     <span class='ocr_line' id='line_1_64' title="bbox 1606 4430 2761 4497; baseline -0.001 -12"><span class='ocrx_word' id='word_1_480' title='bbox 1606 4431 2043 4497; x_wconf 78' lang='grc' dir='ltr'>οὑσίᾳ...μορφῆν,</span> <span class='ocrx_word' id='word_1_481' title='bbox 2073 4433 2179 4493; x_wconf 77' lang='grc' dir='ltr'>ἦτοι</span> <span class='ocrx_word' id='word_1_482' title='bbox 2213 4430 2315 4493; x_wconf 83' lang='grc' dir='ltr'>τὴν</span> <span class='ocrx_word' id='word_1_483' title='bbox 2348 4435 2520 4494; x_wconf 83' lang='grc' dir='ltr'>φύσιν</span> <span class='ocrx_word' id='word_1_484' title='bbox 2551 4434 2637 4482; x_wconf 82' lang='grc' dir='ltr'>τοῦ</span> <span class='ocrx_word' id='word_1_485' title='bbox 2658 4437 2761 4484; x_wconf 78' lang='grc' dir='ltr'>δού-</span> 
     </span>
     <span class='ocr_line' id='line_1_65' title="bbox 1603 4517 1891 4578; baseline -0.007 -13"><span class='ocrx_word' id='word_1_486' title='bbox 1603 4521 1693 4565; x_wconf 85' lang='grc' dir='ltr'>λου</span> <span class='ocrx_word' id='word_1_487' title='bbox 1714 4517 1891 4578; x_wconf 80' lang='grc' dir='ltr'>λαβών.</span> 
     </span>
    </p>
   </div>
  </div>
 </body>
</html>
