3293 5233
637 429 686 491 4
1309 421 1767 480 THEODORUS
1812 422 2398 479 MOPSUESTENUS
2882 410 2962 494 [Ῑ.
2996 425 3053 474 2.

753 607 906 660 ‘non
946 594 1125 660 dixit
1152 594 1519 660 secundum
1559 613 1753 660 suam
1794 594 2389 659 consuetudinem:
2435 594 2699 660 Paulus
2733 597 3056 680 apostolus

639 696 908 776 Christi,
959 707 1079 764 aut
1128 697 1262 763 Dei
1272 721 1303 774 ,·
1355 698 1475 763 sed
1531 697 1898 762 interiecit:
1956 718 2084 761 non
2129 697 2214 762 ab
2262 698 2650 777 hominibus,
2700 720 2899 783 neque
2929 712 3058 783 per

636 803 975 881 hominem,
1005 801 1135 866 hoc
1165 809 1286 879 est,
1317 801 1523 865 ‘sicut
1552 800 1913 865 aduersarii
1943 800 2212 866 dicunt-⁹
2299 801 2479 866 unde
2509 801 2676 866 illud
2708 813 2778 868 et
2807 802 3050 881 diuisit,

641 908 906 971 dicens:
981 926 1108 969 non
1179 905 1264 970 ab
1334 903 1723 981 hominibus,
1785 925 1980 987 neque
2029 915 2156 988 per
2194 905 2587 982 ·lzominem,·
2681 906 2749 970 id
2832 908 3050 991 ipsum

576 1009 912 1094 Squidem
972 1008 1217 1084 dicenS,
1279 1007 1597 1090 quoniam
1661 1025 1796 1069 non
1854 1005 2160 1071 homines
2219 1006 2636 1089 apostolatus
2695 1009 2792 1072 illi
2852 1030 3051 1074 causa

639 1109 973 1174 extiterat.
1064 1108 1307 1172 diuidit
1364 1117 1590 1172 autem
1668 1106 1853 1183 illud,
1912 1117 1986 1172 ut
2044 1108 2360 1173 ostendat
2421 1110 2565 1193 ipsa
2622 1111 3051 1176 multitudine

639 1212 1034 1276 narrationis
1092 1210 1278 1274 nullo
1338 1210 1543 1273 modo
1602 1209 1754 1273 illos
1812 1231 2045 1274 uerum
2106 1212 2372 1276 dixisse.
2461 1214 2749 1297 denique
2808 1214 3051 1279 adicit:

635 1314 754 1378 sed
775 1324 900 1396 per
937 1313 1154 1376 Iesum
1208 1311 1545 1379 Christum
1587 1322 1653 1376 et
1692 1312 1908 1376 Deum
1954 1312 2245 1391 Patrem,
2289 1315 2358 1377 in
2390 1335 2747 1380 commune
2793 1338 3049 1401 ponens

637 1418 804 1482 illud
834 1418 1017 1501 quod
1050 1418 1226 1482 dixit
1239 1428 1379 1499 per,
1404 1418 1472 1481 id
1505 1427 1624 1495 est,
1645 1428 1714 1482 et
1747 1418 1814 1481 in
1849 1417 2101 1482 ‘Patre’
2133 1429 2202 1483 et
2234 1421 2301 1483 in
2334 1421 2515 1484 ‘Iesu
2552 1419 2855 1485 Christo!
2914 1441 3050 1485 non

534 1536 613 1585 10
636 1522 813 1586 enim
845 1522 1021 1586 dixit
1048 1532 1111 1585 et
1135 1542 1180 1585 a
1207 1520 1345 1584 Deo
1366 1519 1576 1584 Patre
1589 1543 1621 1596 ,·
1664 1520 1785 1584 sed
1816 1521 2240 1604 simpliciter:
2269 1531 2334 1585 et
2365 1523 2581 1587 Deum
2612 1523 2903 1601 Patrem,
2927 1535 3054 1606 per

632 1623 852 1688 Iesum
888 1620 1224 1691 Christum
1270 1624 1517 1706 pariter
1556 1623 1723 1687 illud
1763 1624 2231 1707 complectens.
2320 1627 2576 1709 optime
2619 1637 2846 1691 autem
2893 1647 3050 1690 usus

636 1739 738 1793 est
762 1737 829 1793 et
853 1729 1301 1793 delectionem·
1320 1749 1455 1811 qua
1477 1727 1682 1793 adicit
1707 1728 1961 1793 dicens:
1990 1730 2109 1812 qui
2126 1729 2476 1794 suscitauit
2491 1751 2635 1794 eum
2658 1752 2739 1793 ex
2756 1730 3047 1795 mortuis.

637 1833 1007 1896 nouitatem
1056 1833 1234 1896 enim
1281 1831 1633 1914 designare
1681 1833 1866 1914 cupit
1914 1832 2173 1896 futurae
2234 1834 2430 1910 uitae,
2483 1834 2668 1897 cuius
2720 1835 3050 1918 primitiae

637 1935 971 1999 dominica
1044 1933 1275 1999 extitit
1348 1935 1783 2011 resurrecti03
1860 1935 1928 1997 in
2003 1955 2139 2017 qua
2196 1934 2417 1999 locum
2480 1936 2737 2000 nullum
2803 1937 3050 2001 habere

532 2054 605 2121 15
637 2047 860 2121 potest
902 2037 1068 2120 legis
1097 2038 1541 2101 obseruantia.
1630 2056 1754 2099 nec
1802 2037 1980 2099 enim
2032 2037 2440 2100 circumcisio
2488 2058 2610 2101 nec
2654 2040 3049 2102 sacrificium

636 2162 759 2205 nec
818 2150 1194 2224 temporum
1255 2138 1560 2202 custodia
1618 2136 1840 2201 locum
1916 2138 2130 2200 ullum
2202 2137 2448 2202 habere
2521 2141 2812 2221 poterint
2887 2151 3049 2205 tunc

635 2243 909 2329 quando
983 2241 1406 2307 inmortalem
1474 2239 1661 2303 illam
1722 2241 1933 2304 uitam
1992 2242 2482 2323 perceperimus
2542 2261 2661 2323 per
2726 2261 3047 2305 resurrec-

633 2350 911 2415 tionem.

764 2449 1010 2515 deinde
1061 2447 1220 2532 quia
1267 2454 1336 2512 et
1382 2445 1814 2511 multitudine
1874 2443 2194 2510 uolebant
2252 2444 2697 2510 differentiam
2751 2446 2893 2510 eius
2940 2467 3047 2510 os-

521 2572 610 2622 20
635 2553 926 2630 tendere,
959 2572 1049 2616 ex
1094 2550 1599 2635 comparatione
1642 2549 1897 2614 scilicet
1940 2559 2311 2613 ceterorum
2343 2549 2819 2633 apostolorum,
2856 2552 3046 2634 quasi

632 2658 790 2741 quia
841 2666 909 2720 et
969 2675 1140 2718 unus
1192 2655 1372 2718 idem
1426 2663 1495 2718 et
1545 2653 1731 2718 solus
1781 2654 1890 2735 sit,
1940 2674 2079 2719 non
2132 2653 2374 2718 debere
2425 2653 2658 2718 ceteris
2708 2654 2887 2720 hunc
2940 2655 3046 2719 uel

631 2757 1099 2842 praehonorari
1130 2754 1234 2821 vel
1267 2757 1648 2839 exaequari,
1682 2756 1816 2821 ait:

758 2946 823 3002 et
846 2936 964 3020 qui
989 2956 1228 2999 mecum
1255 2944 1415 2999 sunt
1439 2956 1655 3000 omnes
1666 2935 1945 3019 fratres,
1976 2936 2246 3001 ecclesiis
2278 2936 2592 3004 Galatiae.

729 3184 759 3233 3
793 3178 845 3220 et
865 3169 990 3219 illud
1012 3169 1073 3219 H
1195 3182 1222 3232 5
1257 3168 1475 3219 hominis
1502 3170 1548 3219 C
1575 3170 1643 3220 H
1774 3182 1802 3233 7
1837 3170 2003 3221 dicere
2023 3170 2049 3219 l
2176 3172 2207 3220 8
2240 3186 2432 3234 ponens
2454 3186 2645 3236 ponens
2667 3170 2735 3220 Η
2844 3186 2876 3236 9
2910 3168 3044 3220 idem

630 3247 742 3316 (Jbr
763 3250 814 3300 id
837 3249 930 3315 est)
960 3251 1005 3299 C
1022 3249 1091 3299 H
1214 3265 1273 3300 10
1307 3251 1453 3300 Patre
1474 3266 1550 3300 om
1580 3252 1627 3300 C
1760 3266 1816 3300 12
1852 3251 2170 3301 dilectionem
2200 3253 2242 3302 C
2262 3252 2329 3300 H
2466 3267 2518 3315 ¹5
2554 3251 2898 3301 obseruantiae
2925 3252 2970 3300 C
2986 3252 3055 3300 Η

635 3332 693 3384 16
727 3341 959 3398 poterunt
998 3341 1103 3382 tum
1146 3333 1192 3382 C
1477 3348 1533 3397 ¹9
1568 3350 1698 3398 quae
1734 3333 1846 3398 (sor
1879 3333 2014 3399 quia)
2060 3332 2138 3398 Cl
2168 3329 2536 3383 multitudinem
2568 3335 2613 3384 C
2647 3333 2952 3384 multitudini
2987 3332 3055 3381 H

630 3428 687 3463 αι
726 3430 855 3477 quae
878 3415 992 3478 (for
1011 3412 1146 3477 quia)
1179 3414 1224 3462 C
1249 3411 1258 3477 Ι
1285 3412 1418 3463 hunc
1440 3421 1535 3464 cet.
1560 3415 1628 3463 Η

694 3614 742 3665 6.
781 3613 1224 3675 diuidit...dixisse]
1259 3615 1408 3664 Cited
1426 3616 1494 3679 by
1512 3615 1790 3667 Lansrancz
1948 3617 1997 3668 8.
2065 3618 2122 3667 in
2145 3635 2401 3668 commune
2410 3628 2600 3683 ponens
2621 3620 2754 3669 illud
2768 3622 2901 3686 quod
2916 3622 3052 3671 dixit

633 3699 736 3748 “id
762 3700 924 3764 ipsum
947 3699 1118 3747 dicens
1149 3697 1328 3747 dividit
1352 3708 1404 3748 ut
1430 3702 1657 3750 ostendat
1681 3701 1791 3765 ipsa
1890 3701 2009 3764 ‘per
2022 3699 2058 3761 ²]
2124 3701 2311 3750 Thdt.:
2348 3700 2427 3762 ἐφ’
2464 3703 2688 3765 ἐκατέρου
2719 3705 2817 3765 γὰρ
2851 3707 3043 3768 προσώ-

626 3783 769 3832 mult.
796 3797 924 3830 narr.
953 3796 1002 3829 n.
1034 3796 1099 3828 m.
1131 3780 1243 3828 illos
1267 3797 1440 3830 uerum
1463 3782 1641 3832 dicere.
1654 3781 1684 3804 '’
1885 3798 1978 3830 που
2001 3784 2057 3831 τὸ
2081 3779 2176 3830 διὰ
2198 3784 2421 3834 τέθεικεν.

691 3871 751 3913 ut
768 3865 986 3913 ostendat
1007 3864 1114 3927 ipsa
1139 3865 1281 3912 mult.
1321 3863 1441 3928 &c.]
1510 3867 1686 3930 Chrys.
1714 3883 1788 3917 re·
1950 3879 1993 3930 9.
2063 3881 2162 3913 non
2178 3865 2309 3913 enim
2327 3866 2457 3914 dixit
2480 3866 2595 3929 δια]
2631 3867 2743 3917 The
2764 3868 2864 3917 Gk.
2884 3885 3046 3918 seems

626 3947 777 4010 gards
811 3945 896 3995 the
930 3944 1095 3994 clause
1119 3947 1227 3994 οὐδὲ
1255 3944 1313 3993 δι’
1336 3944 1601 4006 ἀνθρώπων
1624 3952 1701 4009 (so
1723 3949 1789 3998 he
1881 3954 1936 3996 to
1959 3946 2086 3995 have
2110 3946 2261 3995 been:
2296 3944 2349 3994 οὐ
2366 3949 2465 4008 γὰρ
2480 3949 2631 3995 εἶπεν·
2652 3951 2744 3997 καὶ
2771 3945 2883 3997 ἀπὸ
2909 3951 3046 3999 θεοῦ

626 4044 786 4078 seems
809 4035 861 4076 to
885 4026 1011 4076 have
1034 4028 1150 4075 read
1176 4027 1233 4086 it)
1259 4043 1312 4076 as
1336 4028 1551 4093 forming
1572 4046 1601 4078 a
1629 4031 1788 4078 direct
1882 4030 2121 4089 πατρός·
2154 4026 2268 4077 ἀλλ’
2289 4029 2472 4080 ἁπλῶς·
2506 4033 2604 4079 καὶ
2637 4032 2772 4080 θεοῦ
2806 4034 3045 4096 πατρός,

627 4117 845 4159 contrast
879 4116 933 4157 to
966 4107 1101 4158 ἀλλὰ
1134 4109 1214 4159 διὰ
1239 4107 1402 4167 Ἰησοῦ
1422 4110 1651 4172 Χριστοῦ.
1718 4111 1789 4161 So
1879 4109 1954 4169 τῷ
1980 4111 2073 4159 διὰ
2104 4108 2300 4171 Ἰησοῦ
2338 4111 2604 4174 Χριστοῦ
2636 4115 2780 4163 τοῦτο
2811 4132 3044 4176 συμπερι-

626 4191 811 4239 Thdt.:
837 4190 863 4238 ὁ
890 4191 1128 4250 δεσπότης
1151 4193 1402 4253 οὐρανόθεν
1432 4191 1670 4254 ἐκάλεσεν,
1701 4191 1786 4243 οὐκ
1884 4192 2070 4253 λαβών.

628 4268 863 4332 ἀνθρώπῳ
883 4269 1183 4332 χρησάμενος
1215 4272 1457 4335 ὑπουργῷ.
1532 4274 1677 4322 Th.'s
1700 4291 1781 4324 ex·
1956 4289 2030 4335 14.
2099 4274 2154 4323 in
2176 4292 2275 4339 qna
2298 4276 2456 4325 locum
2479 4278 2679 4326 nullum
2705 4278 2819 4342 δῖα]
2855 4280 3037 4345 Comp.

625 4352 884 4416 planation
903 4353 1125 4417 possibly
1141 4354 1183 4402 is
1206 4371 1269 4402 an
1294 4362 1505 4419 attempt
1530 4364 1581 4405 to
1604 4372 1783 4420 escape
1883 4372 2062 4406 comm.
2107 4374 2173 4406 on
2213 4358 2326 4408 Gal.
2374 4359 2405 4407 i.
2446 4379 2493 4421 4.
2526 4360 2595 4408 iii.
2630 4361 2708 4420 28,
2748 4361 2813 4409 iv.
2851 4376 2930 4424 24,
2979 4380 3047 4428 30

625 4430 755 4480 from
798 4432 897 4482 this
939 4433 1083 4493 view,
1133 4434 1298 4485 which
1343 4436 1504 4498 might
1547 4452 1683 4485 seem
1729 4445 1781 4486 to
1884 4438 2047 4501 (Gk.)‚
2078 4440 2209 4505 Eph.
2236 4441 2289 4489 ii.
2320 4454 2393 4502 14,
2425 4441 2532 4490 Col.
2564 4441 2629 4491 iii.
2668 4457 2718 4491 ιι
2749 4441 2838 4491 ἃς.

627 4514 801 4564 favour
838 4515 924 4564 the
960 4515 1306 4580 Apollinarian
1342 4518 1581 4568 doctrine.
