3293 5233
338 407 390 472 Ι.
436 423 528 485 ιι,
571 406 698 492 12.]
1155 423 1236 473 m
1286 423 1390 473 ΕΡ.
1436 423 1540 474 AD
1587 423 1959 476 amasios,
2637 427 2748 491 131

332 597 555 662 cuncti
618 619 877 663 necnon
932 608 1001 664 et
1061 598 1488 663 rationabiles
1546 598 1827 663 uirtutes
1880 600 1966 664 ad
2020 599 2207 664 illum
2260 600 2632 683 inspiciant,
2680 610 2754 664 ut

333 695 434 759 sas
466 699 696 781 exigit,
729 709 796 764 et
825 700 1251 764 concordiam
1285 699 1459 763 inter
1487 720 1559 763 se
1589 720 1960 783 pacemque
1991 699 2249 764 firmam
2285 700 2665 764 obtineant.’

463 812 531 865 et
575 804 803 866 dicens
847 803 985 867 duo
1016 802 1126 865 illa
1172 824 1343 886 quae
1389 825 1429 867 a
1477 802 1745 868 Christo
1791 813 1948 867 sunt
1992 804 2189 880 facta,
2219 823 2428 867 unum
2477 805 2749 885 quidem

329 901 511 981 quod
544 903 883 986 proprium
917 912 1019 967 est
1049 903 1258 979 nobiS,
1279 903 1559 969 alterum
1592 925 1752 969 uero
1783 906 1963 987 quod
1997 906 2066 968 in
2097 925 2455 969 commune
2480 905 2752 981 bonum,

330 1005 578 1069 adicit:
2823 1012 2855 1080 5

461 1145 535 1209 in
583 1168 706 1229 quo
749 1159 814 1212 et
859 1159 1028 1213 sorte
1070 1150 1408 1215 constituti
1444 1171 1688 1227 sumus,
1724 1150 2182 1234 praeordinati
2222 1150 2566 1215 secundum
2600 1160 2750 1233 pro-

314 1244 603 1325 positum
637 1248 792 1325 eius,
821 1250 938 1332 qui
978 1250 1051 1313 in
1089 1252 1308 1316 omnia
1353 1252 1728 1335 inoperatur
1760 1252 2104 1316 secundum
2145 1252 2481 1317 consilium
2526 1253 2749 1316 uolun-

331 1351 492 1414 tatis
544 1373 700 1416 suae
714 1375 746 1428 ,·
820 1363 898 1416 ut
948 1353 1158 1417 simus
1215 1355 1288 1419 in
1346 1355 1604 1418 laudem
1653 1355 1911 1438 gloriae
1965 1355 2104 1420 eius
2161 1377 2275 1419 nos
2323 1356 2440 1439 qui
2481 1367 2545 1420 et
2597 1367 2750 1420 ante

329 1455 735 1538 sperauimus
763 1455 835 1518 in
870 1454 1141 1521 Christa

467 1595 1015 1674 praecedentibus
1062 1596 1223 1660 illud
1272 1595 1579 1672 reddidit,
1627 1595 1757 1660 hoc
1801 1597 2047 1672 dicenS,
2089 1598 2408 1679 quoniam
2456 1598 2557 1662 ‘in
2605 1619 2747 1661 om·
2784 1617 2860 1664 10

335 1695 530 1758 nibus
573 1697 678 1759 his
722 1697 916 1761 bonis
962 1707 1029 1762 et
1077 1720 1200 1763 nos
1245 1700 1465 1763 uocati
1512 1719 1759 1775 sumuS,
1803 1700 1964 1763 olim
2012 1701 2077 1764 in
2122 1699 2251 1765 hoc
2288 1721 2328 1764 a
2371 1702 2521 1764 Deo
2562 1722 2749 1784 prae-

334 1801 657 1866 ordinati!
747 1802 978 1865 uolens
1009 1804 1186 1866 enim
1218 1804 1401 1866 omni
1433 1823 1522 1866 ex
1568 1812 1758 1885 parte
1799 1803 1909 1866 illa
1950 1803 2288 1880 extollere,
2317 1807 2494 1887 quod
2538 1804 2749 1868 multo

334 1907 540 1988 digna
564 1913 719 1968 sunt
736 1907 1097 1986 gratiarum
1122 1907 1419 1981 actionis
1451 1906 1826 1989 frequenter
1848 1907 2010 1970 dicit
2014 1908 2665 1990 praeordinationem,
2683 1918 2751 1973 et

334 2010 568 2075 bonum
584 2010 921 2092 placitum,
954 2021 1021 2074 et
1051 2011 1463 2086 uoluntatem,
1492 2010 1778 2094 gratiam
1812 2009 1991 2073 illam
2035 2010 2467 2075 deliberatam
2501 2012 2749 2076 docens

334 2122 402 2175 et
433 2111 896 2176 liberalitatem
922 2132 938 2189 ;
985 2112 1154 2176 sicut
1185 2120 1252 2176 et
1284 2113 1779 2195 praeordinauit
1810 2122 1877 2176 et
1923 2112 2133 2176 uoluit
2175 2112 2285 2176 illa
2316 2133 2488 2196 quae
2518 2134 2747 2177 secun·
2783 2130 2853 2198 15

333 2216 497 2280 dum
529 2236 651 2279 nos
692 2216 787 2280 sic
832 2215 1063 2293 facere,
1095 2216 1256 2279 nihil
1300 2215 1492 2279 nobis
1534 2214 2026 2279 conferentibus
2066 2217 2153 2279 de
2197 2217 2464 2300 proprio
2505 2226 2749 2280 nostr0.

333 2317 505 2380 bene
550 2326 773 2381 autem
820 2318 1038 2397 dixit:
1080 2318 1199 2400 qui
1237 2328 1302 2382 et
1339 2327 1491 2382 ante
1536 2316 1943 2400 sperauimus
1986 2317 2057 2380 in
2106 2316 2364 2383 Christo
2384 2341 2414 2393 ,·
2460 2326 2533 2381 ut
2569 2319 2750 2382 dicat

333 2419 651 2501 quoniam
700 2419 973 2482 ‘horum
1026 2420 1325 2483 maxime
1376 2419 1703 2482 bonorum
1763 2419 2009 2500 adepti,
2061 2440 2262 2483 causa
2315 2418 2406 2481 illi
2466 2419 2748 2483 demira-

332 2520 533 2585 tionis
580 2522 842 2596 erimuS,
903 2522 991 2585 ob
1051 2541 1201 2584 eam
1252 2541 1456 2606 quam
1517 2541 1676 2602 erga
1735 2540 1858 2583 nos
1911 2519 2216 2584 exhibuit
2268 2519 2750 2595 liberalitatem,

332 2629 446 2710 qui
509 2637 578 2693 et
634 2636 792 2692 ante
851 2627 1109 2690 exitum
1170 2626 1263 2691 rei
1325 2626 1729 2690 credidimus
1791 2623 2078 2701 Christo,
2138 2635 2205 2689 et
2262 2626 2349 2689 de
2395 2624 2499 2688 his
2559 2645 2746 2707 spem
2777 2647 2861 2695 20

332 2727 746 2813 accepimus!
836 2749 970 2792 non
1020 2729 1217 2805 enim,
1265 2729 1436 2792 sicut
1495 2728 1772 2810 quidam
1832 2728 2406 2802 existimauerunt,
2466 2747 2581 2789 eos
2635 2728 2747 2809 qui

334 2842 402 2897 et
461 2841 618 2896 ante
676 2842 1107 2917 sperauerunt
1165 2832 1346 2909 dicit,
1403 2830 1532 2895 hoc
1580 2841 1699 2908 est,
1748 2830 1897 2894 illos
1948 2831 2062 2914 qui
2109 2840 2271 2895 tunc
2330 2832 2751 2895 crediderunt

333 2946 696 3018 antequam
747 2935 947 2998 ceteri
1009 2936 1077 2998 in
1125 2934 1505 2998 nouissimis
1553 2934 1897 2996 crederent
1955 2934 2383 3016 temporibus
2473 2932 2748 2996 stultum

333 3049 436 3103 est
481 3039 660 3103 enim
705 3039 1058 3102 aestimare
1103 3058 1260 3121 erga
1305 3037 1453 3101 illos
1499 3035 1678 3099 solos
1724 3035 1862 3100 fieri
1910 3036 2021 3101 illa
2061 3038 2240 3101 bona
2288 3059 2461 3121 quae
2508 3060 2750 3122 expec-

331 3150 575 3217 tantur,
609 3148 677 3204 et
720 3140 806 3204 ad
855 3139 1120 3204 laudem
1164 3138 1416 3222 gloriae
1470 3139 1598 3203 Dei
1646 3137 1826 3202 solos
1872 3137 2020 3201 illos
2067 3139 2436 3223 pertinere;
2483 3158 2635 3203 cum
2682 3140 2748 3203 in
2778 3161 2855 3227 25

331 3260 687 3305 commune
717 3243 1026 3306 omnibus
1064 3242 1177 3323 qui
1223 3261 1432 3323 usque
1476 3240 1562 3304 ad
1601 3241 2249 3304 consummationem
2282 3241 2525 3304 saeculi
2559 3253 2751 3306 erunt

332 3342 580 3408 Christi
632 3344 907 3408 donatio
959 3344 1299 3425 proposita
1348 3363 1493 3406 esse
1541 3343 1862 3406 uideatur.
1952 3362 2109 3405 nam
2171 3343 2350 3423 quod
2405 3343 2584 3406 dixit
2635 3344 2752 3424 qui

327 3455 480 3509 ante
520 3444 941 3528 sperauimus,
986 3445 1054 3507 in
1101 3445 1601 3527 comparatione
1649 3443 2137 3507 incredulorum
2191 3444 2393 3520 dicit;
2449 3454 2522 3507 ut
2570 3445 2752 3508 dicat

330 3548 479 3612 illos
527 3549 641 3630 qui
693 3559 852 3613 ante
893 3549 1151 3612 exitum
1195 3547 1305 3625 rei,
1338 3567 1456 3629 per
1501 3546 1684 3608 illam
1731 3544 1933 3609 fidem
1979 3565 2152 3627 quae
2201 3546 2269 3608 in
2322 3543 2590 3610 Christo
2632 3555 2750 3621 est,

430 3741 462 3784 4
494 3721 593 3771 illis
616 3721 722 3785 (bqf
732 3721 895 3783 nobis)
918 3721 1024 3770 add
1040 3720 1131 3770 H·
1276 3717 1310 3769 6
1357 3716 1693 3783 praepositum
1717 3716 1786 3765 H
1947 3732 2007 3767 ro
2055 3723 2129 3766 est
2154 3714 2458 3779 (hafdicens)
2481 3716 2587 3764 add
2607 3714 2675 3764 C*
2700 3715 2767 3763 H

335 3817 394 3865 13
429 3801 649 3851 actiones
674 3801 817 3850 C‘H
850 3801 1048 3850 actione
1075 3801 1118 3850 C
1137 3796 1288 3862 (corr)
1494 3808 1548 3857 15
1585 3796 1656 3845 sic
1681 3796 1790 3860 (sor
1806 3795 1952 3857 sicut)
1978 3795 2045 3844 H
2250 3794 2308 3844 16
2341 3794 2412 3844 sic
2433 3811 2512 3843 om
2542 3795 2586 3843 C
2605 3791 2750 3857 (corr)

337 3895 392 3944 ¹7
427 3880 682 3931 benedixit
705 3889 872 3932 autem
895 3881 1020 3931 dixit
1044 3879 1135 3930 J?
1324 3894 1389 3929 20
1421 3877 1679 3928 Christum
1700 3877 1769 3928 H
1959 3892 2021 3938 24
2053 3876 2187 3927 enim
2212 3883 2287 3926 est
2315 3876 2360 3925 C
2543 3887 2601 3934 25
2639 3888 2752 3922 cum

331 3977 414 4011 om
436 3962 503 4012 H
676 3961 737 4012 26
770 3970 821 4012 et
846 3964 961 4027 (sor
980 3963 1143 4024 erunt)
1167 3962 1234 4011 H

398 4136 444 4188 7.
512 4124 685 4189 quiin
706 4126 879 4175 omnia
909 4124 1067 4190 inoff]
1111 4125 1198 4175 τοῦ
1229 4125 1294 4174 τὰ
1327 4123 1491 4173 πάντα.
1591 4121 1769 4172 lievers
1799 4129 1852 4171 to
1881 4122 1967 4171 the
1996 4121 2097 4171 end
2126 4119 2184 4169 os
2213 4115 2370 4177 time,'
2402 4115 2640 4180 rejecting
2669 4115 2755 4164 the

325 4200 648 4266 ἐνεργοῦντος.
719 4204 890 4268 Vulg.,
925 4206 1056 4268 “qui
1078 4204 1247 4254 omnia
1269 4204 1391 4268 op.'’
1591 4204 1871 4269 exposition
1916 4203 2079 4253 which
2134 4199 2437 4250 understood
2490 4198 2605 4246 ‘the
2650 4196 2754 4246 first

403 4301 477 4336 η.
548 4286 1109 4348 uolens...uoluntatem]
1131 4286 1396 4345 Lansranc,
1423 4285 1488 4334 R.
1590 4286 1881 4349 generation
1936 4283 1995 4334 of
2056 4278 2367 4333 Christiansss
2450 4277 2529 4329 Cf.
2607 4279 2749 4338 Oec.,

328 4368 391 4419 os
409 4369 470 4418 B.
1592 4368 1844 4415 τουτέστιν
1865 4367 1972 4416 τοὺς
1995 4365 2221 4413 meroth:
2256 4361 2357 4410 and
2381 4359 2594 4424 Thpht„
2618 4375 2756 4408 more

399 4465 479 4499 τι.
547 4465 648 4500 non
669 4449 801 4499 enim
822 4450 949 4498 sicut
967 4448 1186 4514 quidam,
1214 4448 1329 4510 δία]
1391 4448 1489 4498 Th.
1599 4449 1870 4516 distinctly,
1909 4450 2018 4497 τοὺς
2057 4448 2167 4508 πρὶν
2201 4443 2234 4504 ἦ
2278 4445 2461 4502 ἐπιστῇ
2501 4440 2526 4492 ὁ
2562 4444 2756 4500 μέλλων

331 4531 599 4594 interprets
629 4532 739 4583 τοὺς
780 4529 1142 4593 προηλπικότας
1176 4530 1234 4580 os
1277 4530 1370 4581 ‘all
1416 4531 1497 4580 be·
1601 4531 1722 4578 αἰὼν
1764 4530 2044 4593 ἐλπίζοντας
2087 4523 2152 4574 τὰ
2198 4523 2311 4574 τότε
2357 4523 2470 4584 ἡμῖν
2513 4520 2732 4581 ἐσόμενα.

2400 4639 2574 4703 9-2
