3293 5233
494 387 621 468 184
1141 400 1597 454 TnEoDoRus
1645 401 2232 456 MOPSUESTENUS
2516 389 2624 474 [V.
2655 406 2760 472 24„
2791 395 2902 472 2'5.

484 576 667 658 quod
699 594 789 639 ex
830 575 944 639 illo
984 575 1316 639 secundae
1346 574 1525 640 uitae
1572 595 1843 640 causam
1883 575 2162 640 ecclesia
2207 573 2454 640 habere
2500 576 2781 654 uidetur,
2809 597 2904 641 ex

486 696 622 758 quo
667 685 735 740 et
782 676 1206 741 ecclesiastici
1255 677 1548 760 corporis
1592 686 1808 741 status
1860 686 1962 741 est
2013 676 2293 741 effectus
2338 675 2490 759 (hoc
2539 677 2719 741 enim
2770 678 2904 739 isto

485 779 554 843 in
585 778 733 842 loco
761 780 965 844 dicit:
1007 780 1138 863 zpse
1178 791 1276 844 est
1311 782 1609 844 saluator
1631 780 1926 862 corporis,
1955 780 2085 844 hoc
2123 790 2243 858 est,
2272 802 2542 845 causam
2573 782 2903 864 praebens

483 892 698 946 status
728 883 1152 947 ecclesiastici
1189 884 1551 966 corporis);
1595 883 1773 948 hunc
1815 885 2116 949 ordinem
2166 886 2370 949 etiam
2415 886 2518 950 uir
2561 885 2765 950 habet
2809 885 2900 948 ad

418 983 868 1062 smulierem3
933 1006 1019 1049 eo
1072 986 1251 1068 quod
1306 995 1375 1049 et
1426 996 1502 1050 ut
1551 987 1640 1050 sit
1687 995 1756 1051 et
1807 996 1884 1050 ut
1932 989 2273 1063 consistat,
2326 988 2561 1051 mulier
2610 1009 2701 1051 ex
2752 988 2900 1050 uiro

479 1085 794 1169 accepit*

605 1245 725 1310 sed
745 1257 822 1311 ut
844 1247 1092 1311 eccla-ia
1129 1247 1390 1312 subdita
1431 1257 1527 1312 est
1571 1245 1844 1325 Chrzkto,
1871 1248 1966 1312 sic
2005 1259 2070 1313 et
2111 1249 2408 1313 mulieres
2448 1249 2589 1313 suis
2629 1249 2900 1315 maritis

475 1350 548 1414 in
577 1351 886 1416 omnibus.

605 1485 673 1540 et
723 1477 996 1559 quidem
1047 1488 1204 1542 sunt
1253 1479 1527 1560 quidam
1582 1478 1650 1541 in
1703 1477 1981 1542 ecclesia
2029 1478 2142 1559 qui
2197 1498 2334 1541 non
2386 1487 2543 1541 sunt
2594 1479 2894 1544 subiecti.

367 1603 447 1651 10
471 1580 589 1643 sed
621 1581 947 1644 eiusmodi
994 1580 1300 1645 homines
1348 1583 1481 1645 iam
1531 1602 1667 1645 non
1716 1602 1862 1645 esse
1909 1581 2226 1645 ecclesiae
2276 1582 2765 1660 existimantur,
2809 1604 2894 1647 eo

468 1683 649 1763 quod
730 1702 852 1746 nec
924 1682 1039 1746 illa
1095 1704 1268 1765 quae
1326 1686 1620 1766 corporis
1679 1695 1836 1748 sunt
1894 1684 2175 1765 sapiant.
2266 1685 2602 1747 subditam
2663 1695 2891 1748 autem

471 1785 737 1851 Christo
796 1806 942 1850 esse
1000 1788 1345 1851 ecclesiam
1405 1789 1623 1865 dixit;
1686 1790 1773 1851 de
1833 1787 1961 1850 illis
2012 1788 2191 1862 dicit,
2244 1788 2358 1870 qui
2416 1789 2664 1851 subditi
2717 1798 2892 1865 sunt,

466 1907 635 1969 quos
683 1897 750 1951 et
802 1909 1041 1971 corpus
1086 1890 1402 1953 ecelesiae
1449 1911 1594 1953 esse
1641 1890 2008 1953 existimat.
2095 1909 2230 1952 non
2280 1900 2381 1952 est
2421 1899 2649 1953 autem
2678 1891 2890 1953 demi-

467 1992 722 2054 ratione
774 1993 1071 2074 dignum,
1102 1995 1155 2055 si
1211 1994 1455 2057 adiecit
1502 1993 1574 2057 in
1620 1991 1936 2068 omnibus,
1974 1993 2155 2074 quod
2205 1990 2510 2056 absolute
2560 1994 2749 2074 quasi
2799 1994 2887 2056 ad

359 2106 431 2172 15
465 2096 615 2178 pios
667 2096 1016 2178 disputans
1069 2096 1351 2174 adiecit3
1415 2096 1500 2159 de
1551 2096 1795 2178 quibus
1845 2093 2252 2176 superfluum
2307 2105 2451 2159 erat
2501 2096 2891 2178 excogitare

466 2200 826 2280 nequando
858 2201 925 2262 in
955 2199 1245 2262 deterius
1276 2219 1430 2261 suas
1460 2198 1709 2262 uellent
1739 2197 2071 2261 adducere
2103 2218 2365 2262 uxoreS.

595 2372 749 2450 uiri,
791 2372 1048 2455 dz'ltgw'te
1083 2393 1313 2436 uxores
1352 2383 1603 2437 uestras
1644 2372 1813 2437 sicut
1849 2383 1913 2437 et
1956 2370 2257 2438 Christus
2293 2372 2528 2437 dilexit
2549 2374 2889 2452 ecclesiam,

470 2475 582 2560 [et]
614 2476 891 2558 seipsum
923 2475 1209 2540 tradidit
1219 2485 1347 2557 pro
1378 2476 1513 2540 illa.

597 2606 1064 2669 demirandum
1108 2615 1209 2670 est
1251 2628 1330 2669 eo
1366 2606 1546 2688 quod
1588 2625 1724 2668 uno
1764 2605 2134 2686 eodemque
2164 2603 2499 2686 exemplo,
2533 2613 2601 2668 et
2631 2614 2706 2668 ut
2735 2605 2890 2668 sub-

357 2723 443 2771 20
471 2711 682 2774 iectae
714 2712 848 2773 sint
880 2710 1203 2787 muliereS,
1237 2719 1305 2773 et
1337 2720 1410 2773 ut
1440 2710 1562 2771 uiri
1595 2728 1708 2772 eas
1738 2707 2024 2790 diligant
2055 2718 2122 2771 et
2147 2707 2456 2770 affectum
2485 2717 2557 2772 ut
2576 2712 2893 2775 conuenit

471 2937 685 3004 αἰτίαν
727 2937 1040 3023 λαβούσῃ
1077 2940 1192 3018 τῆς·
1235 2935 1533 3022 δευτέρας
1575 2935 1930 3022 ὑπάρξεως,
1960 2937 2035 3020 ἐξ
2076 2933 2150 3001 οὗ
2187 2935 2297 3002 καὶ
2338 2938 2450 3000 τοῦ
2493 2937 2891 3015 ἐκκλησιασ-

471 3045 651 3107 τικοῦ
713 3041 1016 3123 σώματος
1073 3040 1319 3123 γίνεται
1362 3038 1399 3117 ἦ
1449 3037 1774 3107 σύστασις·
1823 3040 2036 3121 (τοῦτο
2093 3040 2216 3123 *γὰρ
2272 3036 2481 3122 λέγει]
2528 3038 2603 3103 τό
2647 3039 2888 3124 αἰτόῂ]

376 3198 385 3206 .
473 3146 632 3209 &erm
669 3148 704 3210 ὁ
753 3148 964 3228 σωτήρ
1027 3144 1163 3226 [τοῨ
1222 3140 1553 3224 σώματος]
1607 3138 1755 3205 α’ντὶ
1816 3142 1927 3205 τοῦ
1980 3138 2050 3203 ’ὁ
2099 3141 2216 3219 τὴν
2265 3139 2482 3206 αἰτίαν
2540 3142 2892 3228 παρασχό-

472 3275 658 3326 μενος
701 3250 783 3333 τῇ
827 3248 1152 3311 συστάσει
1192 3247 1305 3309 τοῦ
1348 3244 1900 3323 ἐκκλησιαστικοῦ
1936 3241 2323 3327 σώματοςὛ
2383 3244 2627 3322 ταύτην
2666 3243 2891 3331 ἐπέχει

363 3377 438 3441 25
473 3352 589 3431 τὴν
627 3349 818 3431 τάξιν
861 3347 894 3411 ὁ
945 3347 1106 3433 ἀνὴρ
1148 3349 1228 3430 τῇ
1277 3345 1552 3429 γυναικί,
1597 3342 1715 3409 ὅτε
1760 3343 1838 3425 δὴ
1891 3345 1966 3410 τὸ
2013 3343 2183 3412 εἶναι’
2222 3372 2293 3410 τε
2336 3344 2446 3410 καὶ
2489 3346 2891 3411 συνεστάναι

472 3453 713 3517 ἐκεῖθεν
748 3449 1076 3533 λαβούσῃ.

671 3626 695 3673 7
731 3618 780 3659 et
805 3610 909 3672 (be-s
918 3612 992 3670 ut)
1016 3610 1121 3657 add
1142 3610 1185 3658 C
1205 3611 1356 3669 (corr)
1606 3608 1666 3658 16
1700 3609 1903 3657 interius
1926 3610 1989 3657 H
1994 3608 2020 3631 ⁵
2290 3611 2347 3658 18
2380 3618 2430 3658 et
2452 3625 2528 3657 om
2558 3609 2603 3657 C
2621 3610 2687 3658 H

471 3774 753 3825 mutilation
785 3781 835 3822 at
868 3773 951 3822 the
983 3772 1144 3820 hands
1175 3771 1233 3820 os
1263 3787 1399 3820 some
1424 3771 1632 3820 careless
1733 3768 1818 3818 τὸν
1850 3767 1959 3818 θεᾶν
1980 3767 2239 3831 χωροῦμεν,
2263 3771 2315 3829 ἐξ
2347 3768 2494 3829 οὗπερ
2527 3772 2678 3819 ἔστιν·
2705 3769 2804 3820 ἀπὸ
2838 3774 2894 3823 δὲ

472 3854 768 3905 transcribet
819 3853 878 3901 of
926 3851 1010 3900 the
1055 3862 1245 3909 catena,
1298 3849 1383 3898 the
1427 3850 1633 3911 missing
1733 3855 1819 3899 τοῦ
1841 3845 2005 3912 ἀνδρὸς
2034 3854 2114 3900 ἐπὶ
2146 3852 2229 3899 τὸν
2254 3853 2478 3912 Χριστόν,
2505 3854 2555 3912 ἐξ
2583 3854 2762 3902 ἐκείνου
2791 3856 2892 3916 γάρ

471 3937 634 3986 words
689 3952 772 3984 are
822 3932 1177 3997 conjecturally
1229 3932 1459 3995 supplied
1506 3931 1629 3979 from
1733 3935 1877 3990 ἐσμεν
1910 3934 2035 3979 κατὰ
2067 3933 2154 3989 τὴν
2193 3934 2417 3993 δευτέραν
2458 3932 2893 3994 ιῗπαρξιν...ὸμοὶως

473 4020 556 4069 the
621 4018 784 4066 Latin.
876 4016 923 4063 It
980 4014 1081 4062 will
1144 4014 1205 4063 be
1268 4012 1466 4060 noticed
1523 4012 1632 4061 that
1733 4014 1786 4061 δὲ
1827 4013 2013 4072 (φησὶν)
2055 4014 2132 4060 καὶ
2172 4011 2270 4060 dmi
2307 4014 2392 4071 τῆς
2430 4011 2650 4073 Ἶυναικός
2689 4016 2771 4063 ἐπὶ
2805 4015 2894 4064 τόν

472 4101 569 4149 Th.
596 4101 736 4149 reads
758 4096 786 4147 o'
811 4100 989 4155 σωτήρ.
1058 4096 1212 4144 Thdt.
1239 4094 1385 4141 omits
1410 4093 1493 4141 the
1516 4095 1631 4142 arti-
1734 4095 1896 4154 ἄνδρα,
1916 4094 2081 4152 ἐπειδὴ
2110 4091 2193 4142 ἀπ’
2221 4096 2403 4143 ἐκείνου
2430 4094 2490 4143 τὸ
2519 4097 2639 4144 εἶναι
2668 4099 2891 4157 εἴληφεν.

469 4183 562 4231 cle.
632 4181 773 4229 With
798 4179 941 4229 Th.’s
973 4194 1151 4227 comm.
1179 4192 1245 4224 on
1281 4174 1306 4222 ὁ
1340 4190 1384 4223 σ.
1420 4176 1505 4222 τοῦ
1535 4176 1624 4223 σώ·
1737 4177 1816 4226 Cf.
1842 4178 1946 4226 also
1967 4186 2138 4240 supra,
2163 4194 2212 4241 p.
2242 4180 2316 4240 58,
2347 4177 2378 4224 l.
2408 4192 2453 4241 9,
2482 4185 2612 4227 note,

469 4286 616 4326 ματος
648 4267 708 4317 cf.
752 4268 793 4315 C
801 4267 954 4329 hrys.:
994 4265 1072 4313 καὶ
1110 4265 1208 4324 ’γὰρ
1247 4262 1278 4318 ἡ
1312 4258 1503 4320 κεφαλὴ
1540 4263 1627 4309 τοῦ
1801 4277 1848 4326 9.
1916 4267 1958 4307 e!
1991 4259 2205 4323 quidem]
2272 4262 2471 4322 καίπερε
2507 4260 2569 4309 cs.
2594 4277 2642 4324 p.
2670 4273 2750 4325 95,
2780 4261 2810 4310 1.
2841 4274 2886 4324 7,

473 4353 690 4404 σώματος
725 4350 935 4408 σωτηρία
968 4346 1116 4394 ἐστίν.
1187 4343 1332 4391 With
1365 4344 1539 4406 regard
1573 4352 1624 4391 to
1735 4351 1870 4389 note.

471 4432 554 4479 the
582 4429 843 4493 Headship
867 4428 920 4477 of
942 4427 1109 4477 Christ
1134 4442 1215 4475 see
1238 4422 1382 4474 Th.’s
1407 4425 1625 4473 remarks
1809 4438 1880 4484 14.
1949 4422 2096 4485 quasi
2127 4421 2199 4468 ad
2231 4421 2358 4484 pios]
2424 4422 2606 4471 Thdt.:
2658 4423 2718 4473 ὠς
2759 4426 2889 4472 εὖσε.

469 4528 535 4560 on
568 4527 584 4559 ι
616 4512 732 4559 Cor.
760 4512 824 4559 xi.
853 4524 909 4573 3:
946 4506 1044 4556 ἀπὸ
1072 4509 1159 4565 μὲν
1192 4505 1279 4555 τοῦ
1308 4503 1523 4567 Χριστοῦ
1543 4505 1627 4553 ἐπὶ
1732 4505 1870 4563 βέσιν
1893 4502 2155 4559 νομοθετῶν
2177 4505 2516 4563 προστέθεικεν
2536 4503 2594 4551 τὸ
2616 4507 2672 4552 ἐν
2693 4507 2891 4553 παντί.
