3293 5233
352 401 480 465 111.
519 401 599 485 5.]
726 397 734 411 '
1161 414 1242 464 IN
1293 415 1396 465 ΕΡ.
1442 414 1545 464 AD
1593 414 1964 465 EPHEslos.
2641 418 2754 484 155

437 585 715 648 multam
776 584 1027 649 habent
1094 586 1564 648 obscuritatem
1626 587 1717 648 ob
1776 605 2155 649 sermonum
2217 587 2761 669 compendiosam

349 689 849 768 expressionem
891 687 1199 749 uniuersa
1240 688 1485 750 etenim
1530 686 1643 749 illa
1675 707 1844 768 quae
1877 686 2260 769 dogmatica
2291 697 2446 750 sunt
2478 688 2544 750 in
2578 707 2762 768 prae-

349 788 519 849 senti
569 788 884 869 epistola;
933 789 1230 850 maxime
1279 797 1502 850 autem
1559 788 1686 850 ista
1729 809 1880 869 pars
1922 788 2242 869 epistolae
2278 810 2449 870 quae
2486 810 2526 851 a
2571 788 2763 850 nobis

351 914 525 955 nunc
572 893 982 974 interpretari
1025 902 1125 954 est
1172 893 1526 973 proposita.
1620 891 2099 954 intendendum
2132 902 2234 955 est
2264 913 2423 975 ergo
2454 893 2537 954 ad
2572 890 2761 954 intel-

349 994 591 1056 lectum
655 1013 1050 1067 sermonum,
1102 994 1286 1055 cuius
1340 994 1714 1056 doctrinam
1775 993 2390 1075 praehonorabilem
2452 992 2762 1056 omnibus
2835 999 2866 1066 5

349 1098 733 1159 existimare
765 1096 1101 1160 debemus,
1602 1163 1607 1166 ,

479 1201 704 1262 statim
731 1220 887 1261 uero
914 1198 1120 1281 [quae]
1146 1199 1305 1261 data
1334 1209 1440 1272 est,
1468 1220 1587 1280 pro
1617 1200 1843 1262 datam
1875 1201 2067 1278 dicit;
2108 1198 2302 1279 †uult
2335 1203 2512 1266 enim
2544 1204 2761 1267 dicere

349 1305 664 1385 quoniam
700 1303 1089 1364 ‘necessarie
1121 1302 1343 1383 aliqua
1374 1323 1461 1363 ex
1495 1313 1685 1384 parte
1716 1306 1995 1367 audistis
2019 1306 2248 1369 datam
2283 1308 2444 1370 mihi
2472 1310 2538 1372 in
2570 1313 2761 1374 uobis

346 1407 600 1486 gratiae
630 1399 1224 1485 dispensationem,
1259 1413 1326 1465 et
1357 1405 1672 1484 quoniam
1707 1408 2069 1469 secundum
2106 1409 2575 1473 reuelationem
2623 1432 2761 1473 sus-

348 1510 493 1591 cepi
541 1508 835 1589 mysterii
879 1507 1067 1569 istius
1110 1507 1575 1587 cognitionem.
1667 1509 1751 1572 de
1796 1511 2035 1591 quibus
2077 1521 2145 1574 et
2185 1514 2413 1596 scripsi
2457 1517 2647 1578 uobis
2688 1527 2762 1582 ut
2796 1537 2873 1585 10

349 1610 449 1672 fas
497 1609 896 1672 admittebat
937 1610 1021 1671 de
1065 1610 1307 1690 pauciS,
1357 1618 1430 1671 ut
1471 1613 1890 1690 cognoscatis
1922 1622 1989 1675 et
2021 1634 2141 1675 uos
2175 1614 2353 1677 illam
2387 1636 2587 1697 quam
2621 1622 2760 1680 sus-

350 1711 493 1792 cepi
521 1710 942 1793 prudentiam
978 1711 1061 1773 de
1092 1709 1220 1772 hoc
1254 1710 1658 1791 mysterioff*
1748 1714 1938 1776 sicuti
1973 1715 2055 1777 ad
2093 1715 2471 1779 Corinthios
2503 1720 2759 1795 scribit;

346 1811 439 1874 sic
486 1833 598 1874 nos
643 1813 961 1875 existimet
1005 1813 1202 1887 ltomo,
1255 1812 1423 1875 sicut
1480 1813 1816 1876 ministros
1880 1815 2128 1879 Christi
2182 1827 2245 1879 et
2300 1817 2762 1899 dispensatores

350 1917 797 1998 mysteriorum
827 1917 987 1994 Dez'3
1033 1917 1160 1979 hoc
1191 1925 1308 1992 est,
1342 1918 1711 1979 ‘ordinatos
1735 1906 1816 1981 'ut
1856 1919 1940 1980 de
1974 1919 2517 1984 inenarrabilibus
2548 1924 2760 1985 omni-

348 2026 472 2087 bus
497 2024 969 2086 distribuamus
996 2023 1185 2085 uobis
1211 2020 1616 2085 doctrinam!
1680 2030 1747 2084 et
1778 2023 1955 2103 quod
1989 2023 2075 2086 sit
2109 2024 2324 2105 ipsum
2352 2027 2756 2106 mysterium,
2794 2036 2863 2102 15

348 2128 575 2190 dicens
603 2124 947 2187 secundum
981 2122 1426 2187 reuelationem
1458 2132 1679 2185 notum
1710 2132 1817 2187 est.

477 2268 649 2351 quod
692 2269 847 2331 aliis
881 2267 1405 2349 generationibus
1453 2288 1576 2330 non
1630 2266 1915 2330 innotuit
1953 2267 2132 2350 filiis
2188 2269 2537 2345 hominum,
2597 2269 2765 2332 sicut

474 2466 790 2544 βούλεται
830 2465 1033 2531 εἰπεῖν
1077 2462 1180 2530 ὅτι
1223 2463 1516 2533 ’πάντως
1555 2491 1687 2529 που
1717 2463 2040 2543 ἠκούσατε
2069 2463 2185 2547 τὴν
2215 2462 2761 2551 παρασχεθεῖσόν

343 2595 454 2652 μοι
509 2572 624 2651 τῆς
675 2567 761 2639 εἰς
809 2566 971 2647 ὑμΰς
1026 2565 1290 2654 χάριτος
1343 2566 1723 2643 οἰκονομίαν·
1787 2567 1893 2632 καὶ
1952 2564 2054 2632 ὅτι
2106 2565 2271 2631 κατὰ
2327 2564 2761 2653 ἀποκάλυψιν

347 2671 659 2755 ἐδεξάμην
710 2674 827 2736 τοῦ
875 2667 1235 2753 μυστηρίου
1297 2668 1528 2734 τούτου
1579 2669 1699 2749 τὴν
1741 2671 2000 2751 νγνῶσιν·
2067 2670 2216 2754 περὶ
2264 2668 2335 2732 οὗ
2380 2668 2455 2747 δὴ
2502 2670 2610 2733 καὶ
2652 2696 2760 2750 Ὑε-
2787 2689 2872 2736 20

345 2774 657 2857 νγράφηκα
702 2772 847 2854 ὑμῖν
893 2772 976 2841 οἷς
1022 2773 1169 2852 ἐνῆν
1213 2770 1318 2835 διὰ
1360 2770 1684 2856 βραχέων,
1719 2770 1830 2835 ἐπὶ
1874 2772 1965 2855 τῷ
2004 2773 2243 2853 «γνῶναι
2288 2773 2398 2836 καὶ
2443 2770 2603 2853 ι’·μᾶς
2646 2776 2761 2837 τοῦ

346 2875 708 2958 μυστηρίου
737 2873 855 2954 τὴν
887 2871 1179 2937 σύνεσιν.’

453 3059 471 3091 1
511 3042 720 3090 multum
752 3042 795 3089 C
814 3042 879 3089 II
898 3039 906 3104 Ι
936 3040 1002 3089 ob
1020 3056 1096 3088 om
1121 3040 1184 3088 II
1403 3057 1433 3098 4
1467 3039 1792 3100 interpretare
1821 3037 1864 3084 C
1869 3034 1893 3060 ⁴*
1926 3035 1933 3097 Ι
1965 3037 2129 3100 posita
2152 3037 2219 3084 H
2394 3052 2448 3085 12
2486 3039 2760 3089 misterium

354 3126 396 3174 C
406 3125 430 3149 ⁴*
466 3124 472 3187 Ι
502 3124 643 3171 sicuti
668 3133 715 3171 et
740 3125 805 3171 H
1014 3139 1067 3185 13
1104 3129 1155 3170 ut
1184 3119 1295 3184 (for
1315 3118 1459 3182 sicut)
1478 3121 1541 3168 H
1563 3118 1570 3179 1
1599 3120 1999 3181 dispensatorum
2021 3119 2086 3166 H
2287 3132 2344 3176 14
2379 3120 2761 3170 ministeriorum

350 3207 465 3270 (χόν
485 3208 655 3266 myst.)
685 3203 761 3252 C*
923 3207 980 3252 18
1003 3220 1073 3267 sq.
1103 3203 1257 3251 Coisl.
1285 3217 1395 3262 204,
1425 3202 1457 3249 l.
1488 3217 1527 3247 c.
1554 3201 1661 3260 [Cr.
1688 3199 1752 3246 vi.
1784 3198 1896 3260 153]
2051 3212 2109 3262 19
2144 3199 2389 3246 κοινωνίαν
2412 3199 2504 3257 (sor
2529 3202 2641 3263 οἰκ.)
2668 3202 2754 3251 Cr.

352 3304 407 3337 αι
447 3290 527 3335 ἐπὶ
551 3282 607 3333 ro*
631 3287 808 3346 γνῶναι
831 3284 917 3332 Cr.

349 3434 622 3483 anomalies
666 3448 749 3481 see
806 3432 1023 3489 Riinsch,
1084 3430 1237 3486 Itala,
1291 3446 1341 3493 p.
1391 3427 1501 3477 262.
1608 3443 1685 3487 25,
1723 3426 1813 3485 τὴν
1854 3424 2122 3483 οἰκονομίαν
2155 3426 2241 3472 τοῦ
2273 3424 2383 3472 θεοῦ
2418 3426 2507 3484 τὴν
2540 3426 2764 3475 δοθεῖσάν

351 3515 469 3571 Th„
512 3515 632 3562 with
671 3514 868 3576 Chrys.‚
909 3513 1133 3577 explains
1171 3513 1223 3559 ἐν
1259 3508 1409 3571 ὀλίγῳ
1448 3526 1502 3558 as
1604 3526 1704 3567 μοι.

361 3597 495 3641 :fied
516 3596 756 3655 βραχέων.
824 3594 979 3641 Thdt.
1015 3594 1276 3655 interprets
1309 3593 1417 3652 περὶ
1448 3587 1501 3638 οὗ
1677 3606 1750 3638 12·
1818 3588 1891 3635 ad
1944 3587 2246 3647 Corinthios]
2326 3603 2343 3635 1
2408 3589 2522 3637 Cor.
2586 3589 2651 3636 iv.
2717 3606 2757 3638 ι.

353 3678 446 3722 νῦν
480 3680 689 3736 ἔγραψα.
760 3676 882 3723 Oec.
908 3675 1045 3738 gives
1071 3674 1153 3722 the
1176 3673 1498 3721 alternative:
1611 3672 1693 3727 Ut,
1722 3669 1885 3718 which
1915 3670 1979 3717 J!
1996 3668 2136 3716 reads
2166 3668 2241 3715 for
2267 3669 2403 3729 sicut,
2440 3670 2481 3717 is
2512 3669 2637 3718 from
2674 3671 2759 3720 the

348 3758 381 3817 ἦ
410 3760 500 3819 πρὸ
523 3760 706 3819 ὀλίγον,
736 3756 767 3815 ἦ
795 3754 866 3805 διὰ
888 3758 1123 3817 βραχέων.
1603 3750 1754 3812 Vulg.
1803 3750 1896 3797 Th.
1929 3749 2258 3797 understands
2283 3751 2521 3806 οἰκονομία
2545 3750 2678 3806 here,
2705 3767 2760 3799 as

417 3859 462 3899 4.
535 3840 873 3902 interpretari]
950 3838 1180 3896 Passive3
1214 3836 1277 3885 cs.
1324 3836 1501 3884 Hilde·
1602 3832 1716 3879 well
1762 3848 1816 3878 as
1862 3832 1911 3879 in
1959 3831 2068 3879 Col.
2112 3831 2141 3879 i.
2196 3847 2272 3893 27,
2315 3832 2365 3879 in
2411 3832 2495 3880 the
2530 3848 2673 3880 sense
2707 3832 2765 3880 os

350 3921 525 3980 brand,
576 3922 732 3983 Apul.
781 3921 828 3968 ii.
888 3936 938 3983 p.
988 3934 1096 3980 507.
1180 3919 1506 3980 Interpretare
1609 3914 2004 3977 ‘stewardship,'
2029 3915 2112 3962 the
2144 3914 2284 3963 office
2315 3914 2373 3962 of
2402 3931 2466 3963 an
2501 3918 2756 3973 οἰκονόμος.

350 4019 524 4052 occurs
561 4002 611 4050 in
642 4002 767 4050 both
797 4016 888 4049 our
912 4002 1066 4050 MSS.
1094 3999 1192 4059 (δ’
1215 4000 1298 4058 ll)
1326 3999 1501 4052 above,
1606 3997 1703 4045 See
1729 3996 1803 4043 Dr
1828 3995 2098 4057 Liglitsoot,
2130 3995 2238 4043 Col.
2268 3997 2301 4043 l.
2323 4012 2361 4045 c.

352 4099 402 4146 p.
437 4086 539 4140 118,
570 4082 602 4129 l.
631 4097 674 4143 9.
1679 4089 1753 4137 15.
1819 4084 1864 4123 et
1901 4077 2032 4138 quod
2062 4078 2139 4134 sil,
2183 4076 2299 4136 δὶα]
2380 4077 2485 4135 i.e.,
2537 4079 2591 4125 S.
2634 4076 2758 4126 Paul

420 4179 461 4226 7.
531 4161 722 4225 ‘[quae]
747 4162 864 4209 data
886 4159 983 4207 est’
999 4168 1095 4223 pro
1124 4158 1503 4219 ‘datam’dt'ciIJ
1605 4154 1811 4203 himself
1859 4155 2047 4203 defines
2093 4156 2225 4204 what
2282 4156 2344 4205 he
2390 4173 2562 4205 means
2617 4158 2685 4220 by
2727 4174 2758 4206 a

351 4244 451 4302 τῆς
502 4245 769 4297 δοθείσης
825 4242 929 4288 ἀντὶ
967 4242 1050 4286 τοῦ
1088 4244 1175 4300 τὴν
1228 4239 1503 4287 δοθεῖσαν
1605 4238 1878 4295 μυστήριον.
1969 4237 2014 4283 lt
2071 4236 2111 4283 is
2167 4239 2223 4284 τὸ
2280 4236 2387 4284 κατ’
2446 4240 2758 4300 ἀποκάλυψιν

349 4326 501 4384 λέγει.
574 4325 692 4382 1.e.,
725 4324 776 4371 S.
809 4321 925 4369 Paul
959 4321 1154 4369 intends
1179 4329 1230 4367 to
1254 4335 1355 4381 say,
1389 4320 1504 4367 ‘the
1603 4320 1884 4378 ‘vamee‘m
1971 4318 2051 4366 Cf.
2097 4327 2233 4380 supr.
2272 4335 2336 4367 on
2383 4336 2426 4368 c.
2461 4321 2493 4368 i.
2530 4336 2560 4385 9
2580 4337 2594 4379 ;
2653 4323 2753 4371 and

350 4401 921 4468 dispensation...which
954 4417 1055 4449 was
1085 4401 1230 4463 given
1265 4415 1343 4447 me
1364 4398 1393 4455 ;‘
1438 4399 1502 4447 he
1603 4415 1787 4447 comm.
1812 4416 1874 4447 on
1908 4415 1924 4448 1
1955 4400 2089 4448 Tim.
2116 4401 2184 4450 iii.
2222 4418 2292 4459 ιο,
2331 4401 2401 4452 16.

350 4488 514 4535 writes
540 4488 620 4534 the
645 4502 757 4547 gen.
789 4485 854 4547 by
878 4484 1143 4546 hypallage.
1219 4483 1297 4531 Cf.
1326 4482 1433 4530 Col.
1467 4481 1498 4529 i.
1677 4496 1748 4543 17.
1817 4497 1914 4529 non
1941 4481 2176 4543 innotuit]
2233 4485 2341 4533 The
2369 4486 2515 4535 Latin
2540 4485 2758 4535 versions
