3293 5233
415 2220 487 2287 15

411 2830 498 2878 20

519 407 643 476 172

1167 405 1624 460 THEODORUS
1670 406 2257 462 MOPSUESTENUS

2475 397 2620 482 [IV.
2660 414 2934 482 19—21.

509 587 683 654 runt.
715 587 785 646 et
813 601 854 645 a
892 578 1022 646 Dei
1062 579 1205 646 uita
1236 579 1434 647 alieni
1465 590 1623 648 sunt
1653 581 1866 647 effecti
1885 581 1936 661 ;'
1981 592 2056 647 ut
2094 583 2293 662 dicat,
2332 590 2409 650 ‘a
2452 587 2933 652 resurrectione

508 679 625 746 illa
654 683 996 765 quae³fieri
1028 680 1499 766 expectaturl*

1588 684 1750 766 quid
1783 705 1941 748 uero
1971 685 2063 748 illi
2086 685 2112 749 ἓ

641 846 760 929 qui
783 829 1180 931 despeiantes
1203 837 1564 932 semetipsos
1592 849 2013 915 tradiderunt
2037 850 2493 933 impudicitiae,
2522 851 2596 917 in
2622 852 2932 935 operatio-

512 973 657 1016 nem
685 952 897 1016 omnis
924 953 1381 1016 immunditiae
1406 963 1469 1016 et
1493 952 1840 1018 auaritiae.

627 1078 799 1142 bene
857 1076 1088 1159 †dixit
1144 1079 1559 1162 desperantes,
1616 1101 1706 1144 ex
1768 1080 1880 1144 illa
1949 1082 2205 1145 ratione
2259 1081 2421 1145 illud
2473 1102 2745 1146 sumens
2795 1102 2933 1163 qua

512 1180 733 1245 solent
764 1201 963 1264 saepe
992 1182 1215 1264 aliqua
1246 1185 1545 1248 membra
1575 1185 1885 1267 passione
1915 1185 2206 1267 corporis
2230 1183 2651 1262 mortificari3
2688 1185 2930 1267 quibus

515 1285 764 1348 exinde
813 1305 946 1348 non
998 1285 1215 1349 solum
1268 1287 1462 1351 dolor
1504 1287 1726 1351 nullus
1779 1289 2178 1379 adnascitur,
2220 1290 2338 1355 sed
2385 1311 2603 1373 neque
2646 1292 2930 1355 membri

515 1385 722 1466 ipsius
763 1387 1016 1450 excisio
1054 1407 1322 1451 sensum
1365 1387 1635 1470 aliquod
1684 1388 1812 1452 illis
1857 1400 2193 1472 praestare
2230 1391 2551 1457 uidetur!

2642 1393 2769 1456 ‘ini
2806 1393 2933 1476 (in-

515 1487 685 1570 quit)
749 1509 964 1572 neque
1023 1490 1350 1555 malorum
1412 1491 1672 1555 illorum
1733 1513 1904 1574 quae
1974 1504 2185 1576 agunt
2253 1516 2522 1559 sensum
2597 1496 2931 1577 suscipere

413 1612 493 1660 10
516 1593 768 1670 uolunt,
817 1595 883 1657 in
936 1615 1205 1659 omnem
1259 1605 1482 1659 actum
1526 1616 1807 1677 prauum
1854 1598 2057 1661 semel
2105 1598 2359 1680 seipsos
2411 1598 2932 1682 ingurgitantes?

516 1709 585 1765 et
624 1682 776 1763 cu‘m
825 1698 1037 1764 multa
1067 1702 1497 1783 expressione
1528 1700 1641 1764 illa
1671 1720 1843 1782 quae
1873 1701 2135 1764 illorum
2167 1702 2429 1766 fuerant
2460 1702 2743 1778 edicenS,
2773 1722 2933 1765 con-

514 1804 794 1869 trasistit
824 1825 984 1868 sua:

645 1976 760 2018 uos
799 1965 1016 2019 autem
1053 1976 1179 2019 non
1208 1954 1305 2018 ita
1335 1953 1660 2019 didzkzlstis
1693 1952 2049 2033 Christum,
2076 1955 2142 2020 si
2169 1966 2383 2021 tamen
2413 1957 2602 2021 illum
2631 1957 2933 2035 audistis,

513 2065 578 2119 et
604 2055 677 2118 in
708 2055 820 2119 illo
847 2057 1016 2120 docti
1040 2056 1210 2131 estiS‚
1239 2056 1408 2120 sicut
1432 2067 1528 2121 est
1554 2058 1803 2121 ueritas
1831 2059 1903 2121 in
1932 2058 2097 2124 Iesu.

648 2220 807 2264 narn
851 2201 1030 2282 quod
1064 2201 1241 2264 dixit
1269 2200 1334 2263 si
1361 2211 1575 2264 tamen
1619 2200 1810 2263 illum
1854 2201 2154 2279 audistis,
2195 2201 2324 2266 hoc
2365 2211 2483 2279 est,
2529 2204 2934 2267 ‘necessarie

519 2322 670 2366 eum
704 2302 981 2365 audistis
1007 2301 1047 2378 ;’
1080 2303 1250 2366 sicut
1280 2313 1349 2366 et
1381 2304 1445 2365 in
1479 2304 1943 2385 superioribuS,
1972 2304 2037 2367 si
2076 2304 2360 2368 audistis
2400 2303 2933 2385 dispensationem

475 2493 483 2501 ⁴
507 2408 774 2492 gratiae
793 2405 927 2469 Dei
945 2426 1105 2488 quae
1125 2407 1285 2470 data
1313 2417 1408 2470 est
1434 2408 1604 2471 milei
1631 2408 1702 2470 in
1733 2408 1926 2471 uobis.
1988 2406 2171 2488 †hoc
2200 2409 2378 2471 enim
2411 2409 2588 2483 dicit,
2614 2408 2932 2489 quoniam

519 2606 679 2687 ζωῆς
730 2600 1071 2690 α’λλότριοι
1122 2601 1581 2689 mesmes-ree?

519 2707 833 2776 στάσεως.

1655 2601 1757 2669 ἵνα
1808 2603 1979 2688 εἴπῃ,
2026 2605 2144 2681 τῆς
2185 2595 2730 2687 προσδοκωμένης
2770 2597 2934 2667 ἀνα·-

650 2808 725 2876 τὸ
761 2809 832 2875 δὲ
870 2794 1298 2884 ἇπΗλι-Ηκότεε
1342 2806 1562 2895 ὥσπερ
1607 2810 1736 2873 τῶν
1770 2806 1903 2874 ἀπὸ
1931 2805 2179 2877 πάθους
2210 2804 2384 2877 τινὸς
2412 2806 2573 2893 μέρη
2602 2804 2937 2876 πολλάκις

519 2915 633 2979 τοῦ
687 2910 988 2996 σώματος
1041 2911 1529 2997 νενεκρωμένων,
1575 2909 1669 2980 οἷς
1721 2909 1794 2975 οὐ
1835 2909 2031 2992 μόνον
2074 2909 2282 2993 ἄλκγος
2325 2907 2507 2974 οὐδὲν
2551 2907 2790 2974 ἐκεῖθεν
2831 2908 2934 2989 ἔγ-

519 3016 781 3101 νγίνεται,
813 3013 969 3080 ἀλλ’
1005 3012 1153 3080 οὐδὲ
1180 3012 1221 3094 ἦ
1254 3016 1367 3079 τοῦ
1397 3012 1627 3100 μέρους
1660 3010 2007 3100 ἀφαίρεσις
2036 3009 2349 3093 αἴσθησιν
2378 3012 2653 3094 ἐμποιεῖ.

652 3122 843 3186 τοῦτο
899 3117 1096 3202 λέγει,
1148 3115 1250 3182 ὅτι
1308 3124 1323 3150 ⁶
1342 3113 1608 3184 πάντως
1658 3120 1791 3183 ποῦ
1850 3114 1963 3181 καὶ
2012 3113 2339 3198 ἠκούσατε
2389 3113 2503 3180 καὶ
2556 3113 2938 3204 ἐδιδάχθητε

913 3296 940 3348 7
974 3283 1103 3335 nllus
1141 3284 1184 3333 C
1199 3284 1260 3332 H
1282 3280 1290 3346 Ι
1321 3283 1557 3332 membris
1585 3283 1629 3332 C
1634 3282 1736 3331 *H

591 3456 633 3490 1.
700 3446 761 3487 ut
800 3438 932 3486 dicat
973 3437 1027 3485 ‘a
1069 3436 1411 3485 resurrectione
1425 3436 1460 3498 ⁹]
1527 3436 1676 3486 cited

518 3524 587 3586 by
621 3521 885 3572 Lansranc.
951 3518 1001 3567 A
1040 3515 1404 3567 characteristic
1437 3519 1677 3582 interpre-

521 3603 695 3654 tation.
764 3601 916 3650 Thdt.
959 3599 1144 3664 rightly
1188 3608 1287 3650 sets
1326 3600 1364 3649 it
1401 3600 1539 3649 aside
1573 3600 1676 3649 and

521 3684 807 3749 expounds.
853 3679 978 3748 ζωὴν
1022 3683 1113 3742 τὴν
1158 3684 1266 3731 θεοῦ
1308 3685 1400 3741 τὴν
1441 3683 1491 3731 ἐν
1529 3678 1677 3744 α’ρετῇ

521 3768 647 3826 ζωὴν
670 3764 1073 3826 προσηγόρευσεν.

591 3861 635 3911 5.
724 3846 835 3894 bene
887 3845 1017 3893 dixit
1082 3843 1422 3908 desperantes]
1521 3843 1569 3892 1t
1636 3842 1679 3893 is

521 3941 719 3995 strange
765 3929 870 3978 that
914 3927 1032 3977 Th!
1034 3945 1059 3978 s
1112 3928 1389 3992 exposition
1444 3926 1535 3975 has
1588 3933 1678 3974 not

522 4012 803 4078 compelled
843 4012 926 4060 the
963 4010 1226 4060 translator
1263 4018 1317 4060 to
1351 4010 1587 4058 abandon
1626 4017 1678 4058 at

522 4096 646 4145 least
675 4095 725 4143 in
762 4094 847 4142 the
885 4108 1066 4141 comm.
1105 4092 1202 4141 this
1238 4090 1534 4154 inadequate
1569 4106 1677 4139 ren-

523 4175 699 4238 dering
721 4173 780 4222 of
804 4170 1155 4233 ἀπηλγηκότες.
1223 4170 1377 4219 Thdt.
1402 4170 1528 4219 adds
1550 4186 1580 4218 a
1601 4186 1678 4219 re-

524 4256 668 4304 mark
693 4254 855 4303 which
891 4268 1049 4302 seems
1083 4259 1134 4300 to
1162 4250 1288 4299 have
1316 4251 1529 4312 escaped
1553 4250 1675 4309 Th„

526 4339 633 4388 that
667 4334 888 4398 πώρωσις
917 4333 983 4398 (ν.
1013 4333 1061 4397 5)
1092 4333 1301 4397 belongs
1335 4340 1387 4381 to
1422 4332 1506 4382 the
1541 4348 1677 4381 same

525 4420 790 4485 metaphor
821 4434 876 4467 as
910 4419 1125 4478 ἀπηλγ.;
1165 4416 1432 4478 πώρωσιν
1471 4415 1521 4463 δὲ
1552 4431 1677 4477 καρ-

527 4501 647 4550 δίας
669 4500 757 4558 τὴν
780 4495 998 4560 ἐσχάτην
1018 4497 1323 4558 ἀναλγησίαν
1345 4493 1589 4545 ἐκάλεσεν.

2119 3295 2179 3333 ιο
2213 3298 2423 3346 paruum
2450 3282 2495 3332 C
2499 3281 2528 3309 ⁴*

1843 3438 1890 3487 8.
1925 3452 2120 3485 sensum
2137 3435 2363 3500 aliquod]
2389 3436 2463 3486 Cf.
2487 3453 2538 3501 p.
2554 3447 2661 3499 170,
2683 3437 2717 3486 1.
2734 3455 2774 3499 r,
2797 3447 2935 3490 note.

1847 3532 1922 3566 11.
1988 3516 2306 3578 contrasistit]
2395 3516 2473 3566 cf.
2515 3532 2570 3582 p.
2615 3519 2722 3578 108,
2762 3534 2815 3582 p.
2857 3528 2934 3582 15,

1775 3605 1913 3646 note.

1848 3692 1919 3741 13.
1991 3676 2040 3725 si
2069 3675 2387 3725 tamen...hoc
2418 3681 2488 3725 est
2518 3674 2794 3737 necessarie]
2863 3675 2936 3725 So

1778 3758 1954 3822 Chrys.
1994 3756 2303 3821 (comparing
2348 3771 2375 3805 α
2423 3756 2601 3805 Thess.
2647 3755 2681 3805 i.
2730 3755 2820 3816 6)=
2877 3758 2936 3806 τὸ

1778 3841 1902 3901 εἴγε
1969 3842 2052 3887 οὐκ
2125 3836 2518 3899 ἀμφιβάλλοντός
2582 3838 2730 3895 ἐστιν,
2802 3837 2936 3884 ἀλλὰ

1777 3922 1857 3969 καὶ
1893 3922 2081 3981 σφόδρα
2117 3918 2553 3981 διαβεβαιουμένου.
2627 3916 2774 3975 Oec.,
2808 3916 2936 3966 aster

1776 4003 1985 4067 quoting
2029 4001 2108 4050 his
2157 4001 2381 4065 opinion,
2438 4000 2689 4049 remarks:
2738 4001 2938 4049 δύναται

1778 4086 1830 4135 δέ
1851 4102 1922 4133 τις
1945 4085 2022 4132 καὶ
2045 4086 2096 4132 ἐν
2118 4084 2390 4145 ἀμφιβολίᾳ
2425 4081 2543 4130 αὐτὸ
2577 4084 2824 4142 δέξασθαι,
2859 4083 2936 4130 ἵνα.

1779 4169 1857 4217 καὶ
1878 4169 2068 4226 μᾶλλον
2091 4165 2260 4216 αὐτοὺς
2283 4168 2464 4226 πλήξῃ.
2503 4166 2698 4223 Above,
2724 4181 2767 4214 c.
2792 4165 2863 4214 iii.
2887 4181 2935 4223 α,

1777 4247 1875 4296 Th.
1912 4246 2234 4309 consistently
2264 4246 2590 4309 paraphrases
2619 4245 2938 4294 “necessarie

1779 4330 1986 4379 audistis
1996 4328 2023 4350 '⁹
2037 4346 2051 4389 3
2085 4328 2175 4377 but
2199 4343 2264 4376 on
2290 4327 2405 4377 Gal.
2432 4326 2500 4375 iii.
2518 4344 2549 4388 4
2565 4324 2689 4390 (εἴ-γε
2710 4326 2790 4374 καὶ
2811 4325 2936 4386 εἰκῆ)

1777 4411 1843 4460 he
1873 4411 2074 4474 departs
2100 4408 2226 4458 from
2252 4408 2331 4458 his
2358 4424 2472 4458 own
2507 4409 2629 4458 rule.
2699 4407 2780 4458 Cf.
2811 4407 2940 4459 Elli-

1778 4499 1883 4543 cott
1905 4493 2004 4542 and
2030 4490 2287 4557 Lightsoot
2310 4506 2376 4541 on
2400 4489 2513 4541 Gal.
2539 4491 2574 4539 l.
2593 4506 2636 4539 c.
