3293 5233
351 382 472 450 VI.
515 382 635 467 18.]
1162 395 1246 447 IN
1295 397 1399 449 ΕΡ.
1445 397 1550 447 AD
1595 397 1951 451 GALATAS.
2649 402 2762 450 111

343 570 482 634 lum
536 568 742 632 habet
790 565 1011 631 locum
1060 564 1510 650 legitimorum
1569 566 1894 633 custodia.
1982 567 2203 633 solum
2265 567 2423 651 quia
2476 587 2611 631 non
2666 577 2769 632 est

347 678 761 734 contestatus
792 677 862 733 et
906 668 1034 732 hoe
1079 668 1148 732 in
1189 666 1360 746 1000,
1393 668 1714 750 quoniam
1750 669 2175 752 ‘inpossibile
2219 680 2321 735 est
2367 690 2482 734 eos
2512 670 2770 753 gratiae

353 774 597 841 Christi
651 772 1049 856 participare
1092 779 1161 835 et
1205 771 1321 835 illa
1365 772 1543 835 bona
1590 772 1714 835 frui
1761 793 1936 856 quae
1982 773 2139 837 inde
2182 781 2358 852 sunt,
2387 772 2442 836 si
2487 791 2624 836 non
2654 771 2769 836 illo

353 879 557 942 modo
587 895 788 960 quem
821 874 1037 958 gratia
1069 873 1350 957 flagitat,
1384 874 1629 939 fuerint
1661 875 2077 940 conuersati.’

457 1071 477 1105 1
515 1039 643 1121 quae
680 1055 797 1119 (sor
828 1056 968 1120 quia)
1001 1055 1072 1111 H
1426 1071 1455 1120 3
1492 1055 1778 1122 participari
1807 1056 1853 1106 C
1873 1054 2016 1121 (corr)
2049 1062 2058 1122 Ι
2084 1057 2172 1108 sed
2196 1072 2299 1109 non
2327 1057 2467 1109 C'H
2479 1057 2522 1109 si
2550 1059 2594 1109 C
2621 1058 2770 1120 (corr)

353 1156 386 1200 4
419 1153 569 1201 quam
597 1136 737 1186 C'H
757 1134 765 1201 Ι
793 1136 996 1200 explicit
1021 1135 1119 1201 (ast
1147 1135 1394 1200 conuers.)
1418 1137 1524 1186 add
1544 1138 1589 1187 C

354 1313 626 1364 somewhat
656 1312 873 1377 singular
895 1314 1176 1378 exposition
1197 1313 1257 1362 of
1281 1312 1405 1373 μετὰ
1426 1314 1515 1364 τοῦ
1615 1316 1882 1374 πνεύματος
1901 1313 2102 1377 μνήμην,
2130 1316 2217 1376 τῆς
2240 1317 2454 1377 δοθείσης
2484 1316 2771 1378 ἀναμιμνήσ-

356 1398 624 1454 πνεύματος
648 1395 773 1455 ὑμῶν
794 1395 835 1443 is
857 1395 1091 1459 repeated
1126 1395 1176 1444 in
1210 1410 1241 1443 a
1274 1395 1512 1445 modified
1615 1412 1711 1443 xm
1732 1393 1903 1445 αὐτοὺς
1925 1397 2102 1456 δωρεᾶς
2125 1393 2185 1453 ἦν
2213 1393 2266 1445 οὐ
2299 1394 2378 1444 διὰ
2399 1396 2486 1444 τοῦ
2507 1394 2663 1457 νόμον,
2693 1399 2773 1446 δια

357 1477 483 1528 form
515 1479 582 1543 by
621 1478 801 1529 Thdt.:
841 1479 1184 1540 προστέθεικεν
1219 1478 1272 1528 δὲ
1309 1474 1398 1538 τὴν
1429 1478 1517 1528 τοῦ
1617 1473 1669 1525 δὲ
1691 1474 1776 1535 τῆς
1799 1476 2005 1525 πίστεως
2029 1473 2219 1538 ἔλάβον.
2289 1475 2540 1540 Similarly
2567 1476 2743 1540 Chrys.
