3293 5233
317 400 432 466 IV.
468 405 721 484 31—V.
757 404 839 489 3.]
1122 418 1205 470 IN
1254 420 1359 472 ΕΡ.
1404 421 1508 470 AD
1553 420 1907 472 GALATAS.
2647 406 2730 484 87

441 590 672 674 itaque,
686 590 967 673 fratres,
1008 610 1135 652 non
1162 609 1391 653 sumus
1417 588 1696 653 ancillae
1719 587 1876 672 filii,
1905 587 2023 652 sed
2044 587 2295 654 liberae.

444 717 549 781 cui
582 717 764 782 dicto
794 718 996 782 etiam
1031 715 1570 782 exhortationem
1618 719 1993 782 connectit:

445 849 737 915 libertate
778 873 907 933 qna
955 873 1069 916 nos
1131 850 1434 918 Christus
1484 851 1797 918 liberauit
1856 860 2037 928 state,
2110 860 2173 915 et
2240 851 2438 917 nolite
2492 852 2729 919 iterum

317 950 466 1035 iugo
495 955 833 1019 seruitutis
859 954 1097 1020 obduci.
2740 954 2755 964 ’

448 1089 535 1152 ab
582 1090 709 1154 illis
751 1113 922 1174 quae
963 1101 1230 1156 ostensa
1274 1099 1431 1154 sunt
1473 1092 1561 1155 ab
1603 1111 1684 1155 eo
1720 1089 2259 1155 exhortationem
2304 1089 2569 1168 facienS,
2610 1096 2733 1157 ‘ne
2806 1106 2837 1173 5

323 1193 588 1275 (inquit)
635 1215 679 1257 a
711 1194 1003 1258 libertate
1027 1215 1157 1277 qua
1189 1216 1308 1259 uos
1345 1193 1648 1260 Christus
1675 1194 1981 1258 liberauit
2010 1194 2444 1271 discedentes,
2489 1196 2729 1259 iterum

322 1316 441 1359 uos
472 1298 596 1361 sub
628 1297 779 1379 ingo
818 1298 1157 1362 seruitutis
1198 1299 1539 1380 legitimae
1582 1300 2037 1364 constituatis!

453 1410 520 1463 et
546 1400 713 1463 ultra
742 1402 1084 1466 confidens
1110 1412 1176 1465 et
1200 1400 1610 1465 multitudini
1643 1399 1761 1485 [et]
1791 1402 2235 1484 magnitudini
2261 1403 2729 1485 probationum

323 1525 492 1586 quae
525 1504 774 1568 nullam
823 1505 1345 1568 controuersiam
1394 1505 1848 1569 admittebant
1894 1505 2049 1585 (alia
2091 1506 2361 1588 quidem
2403 1528 2490 1569 ex
2536 1508 2733 1571 rebus

324 1607 706 1689 perspicuis,
769 1607 904 1671 alia
964 1629 1122 1671 uero
1181 1609 1267 1672 de
1329 1607 1573 1671 diuinis
1633 1616 1903 1689 sumpta
1965 1608 2321 1690 scripturis,
2385 1607 2514 1672 alia
2576 1630 2733 1673 uero
2770 1629 2847 1676 10

323 1710 608 1786 aliunde,
654 1713 880 1775 omnia
930 1721 1154 1775 autem
1210 1731 1471 1774 summe
1524 1731 1843 1793 expressa
1890 1710 2377 1791 habebantur);
2438 1712 2603 1776 dicit
2665 1713 2730 1775 in

322 1812 895 1894 subsequentibuS,
929 1814 1118 1895 quasi
1152 1813 1237 1876 de
1270 1814 1465 1876 rebus
1498 1814 1791 1876 indubiis
1822 1813 2381 1878 contestationem
2415 1812 2701 1881 faciens:

454 1992 579 2034 ecce
634 1993 743 2053 ego
801 1972 1063 2035 Paulus
1119 1971 1257 2035 dico
1317 1970 1497 2036 uobis
1550 1970 1859 2054 quoniam
1910 1970 1976 2034 si
2031 1970 2607 2046 circumcidamini,
2662 1971 2735 2035 in

333 2070 587 2137 Cleristo
617 2074 796 2136 uobis
825 2074 1002 2137 m‘lzz'l
1034 2073 1347 2155 proderit.

457 2200 626 2263 bene
657 2201 921 2282 posuit:
977 2221 1102 2263 ecce
1141 2221 1250 2283 ego
1289 2199 1564 2273 Paulus,
1599 2201 1789 2283 quasi
1832 2198 2177 2263 confidens
2225 2218 2427 2280 super
2478 2206 2736 2261 contes-
2773 2210 2843 2278 15

327 2302 600 2365 tationis
648 2303 861 2365 factae
915 2303 1253 2375 iustitiam,
1305 2311 1372 2365 et
1420 2303 1601 2384 quod
1666 2321 2029 2384 numquam
2092 2300 2316 2381 negari
2377 2300 2588 2381 possit
2649 2299 2738 2363 ob

329 2425 543 2467 rerum
579 2408 948 2469 ueritatem.
1041 2406 1441 2470 ‘circumcisi
1492 2407 1691 2481 enim,
1741 2427 1779 2467 a
1825 2404 2092 2471 Christo
2148 2403 2310 2467 nihil
2366 2405 2739 2486 expectetis

329 2508 689 2589 percipere,
752 2529 832 2570 eo
892 2508 1073 2590 quod
1129 2527 1251 2571 nec
1314 2517 1415 2571 est
1478 2508 1669 2570 uobis
1731 2507 1816 2571 ad
1879 2527 2032 2569 eum
2096 2505 2267 2568 ultra
2316 2505 2743 2570 communio!

329 2607 572 2670 deinde
602 2608 783 2691 quod
817 2609 971 2673 fecit
1007 2610 1071 2673 in
1104 2610 1529 2693 praecedenti
1565 2610 1854 2692 negoti0‚
1886 2610 2075 2691 ponit
2110 2608 2272 2672 illud
2307 2619 2373 2673 et
2405 2630 2610 2675 uoce:

462 2761 762 2844 testificor
785 2772 1002 2826 autem
1043 2761 1279 2826 iterum
1308 2763 1490 2826 omni
1513 2761 1769 2826 homini
1807 2761 2286 2826 circumcidenti
2324 2783 2405 2839 se,
2436 2762 2740 2844 quoniam
2771 2779 2856 2826 20

328 2862 576 2926 debitor
601 2873 696 2928 est
723 2873 923 2928 totam
954 2865 1149 2946 legem
1182 2864 1455 2946 implere.

462 3029 615 3072 nam
679 3008 859 3091 quod
922 3009 1135 3072 dixit:
1198 3008 1513 3091 testificor,
1568 3009 1918 3071 euidenter
1978 3007 2043 3070 id
2101 3008 2339 3090 posuit.
2433 3016 2500 3071 et
2560 3010 2742 3091 quod

331 3110 506 3175 dixit
538 3110 789 3186 iterum,
822 3111 1222 3173 contestatio
1255 3112 1430 3174 enim
1466 3120 1533 3173 et
1553 3110 1719 3173 haec
1750 3120 1908 3186 erat,
1936 3119 2002 3173 et
2035 3109 2198 3171 illud
2232 3110 2411 3191 quod
2444 3111 2744 3192 superius

332 3213 545 3277 fuerat
593 3213 876 3276 dictum:
946 3219 1138 3275 ‘ecce
1188 3213 1451 3296 (inquit)
1505 3223 1571 3277 et
1620 3213 1801 3276 aliud
1857 3221 2210 3288 contestor,
2260 3214 2576 3295 quoniam
2630 3215 2743 3296 qui

333 3317 741 3382 circumcidit
806 3336 880 3380 se
940 3317 1276 3380 obnoxius
1338 3326 1440 3381 est
1501 3315 1778 3398 implere
1832 3314 2049 3398 legem
2103 3336 2394 3379 omnem.
2492 3317 2742 3399 quare?
2774 3337 2851 3404 25

436 3490 464 3537 3
499 3475 743 3525 liberauit.
785 3482 912 3525 state
948 3477 1012 3524 ll
1210 3478 1239 3524 8
1274 3484 1323 3526 et
1361 3474 1411 3540 3⁰
1443 3492 1520 3525 om
1561 3475 1629 3525 C*
1657 3477 1723 3524 H
1746 3491 1805 3525 ac
1850 3476 1893 3525 C
1927 3476 2073 3537 (corr)
2213 3481 2218 3486 “
2290 3491 2348 3526 10
2380 3477 2655 3541 prospicuis
2691 3478 2757 3526 Il

341 3572 391 3606 ιι
432 3556 745 3605 habebuntur
768 3559 835 3606 H
854 3556 861 3620 Ι
892 3557 1044 3606 adicit
1081 3556 1192 3620 (sor
1210 3557 1350 3619 dicit)
1382 3559 1424 3607 C
1569 3572 1623 3619 13
1661 3573 1775 3606 ecce
1797 3573 1872 3605 om
1896 3557 1987 3606 ll*
2177 3574 2231 3620 ¹4
2268 3557 2495 3607 Christus
2517 3559 2583 3606 H
2597 3559 2747 3619 (corr)

341 3636 397 3688 16
433 3654 612 3714 negare
642 3638 784 3688 c'H
975 3654 1033 3704 19
1067 3647 1218 3703 ponet
1248 3639 1317 3689 C*
1519 3654 1579 3700 25
1615 3655 1816 3688 omnem
1841 3640 1999 3702 legem
2030 3639 2073 3687 C

408 3800 447 3834 1.
499 3799 600 3832 non
622 3800 807 3844 smnus,
828 3784 943 3845 δια]
967 3786 1064 3833 Th.
1086 3787 1200 3835 read
1218 3788 1317 3835 and
1341 3802 1492 3850 punc·
1598 3785 1772 3850 ported
1795 3786 1862 3849 by
1885 3786 1968 3835 the
2001 3785 2184 3836 Corbie
2218 3787 2332 3837 MS.
2360 3802 2416 3834 as
2450 3786 2562 3836 well
2596 3802 2649 3836 as
2684 3789 2751 3851 by

337 3867 508 3916 tuated
552 3883 607 3914 as
651 3867 880 3916 follows:
928 3870 1012 3916 οὐκ
1054 3866 1198 3927 ἐσμὲν
1241 3872 1495 3928 παιδίσκης
1596 3868 1680 3916 the
1718 3867 1821 3916 first
1859 3868 1993 3917 hand
2038 3869 2094 3917 os
2126 3870 2221 3918 ll:
2267 3886 2349 3917 sec
2382 3885 2460 3917 vv.
2497 3869 2550 3916 ll.
2622 3871 2669 3918 It
2712 3871 2752 3918 is

336 3950 500 4008 τέκνα,
532 3949 664 3995 ἀλλὰ
688 3949 775 4006 τῆς
812 3947 1077 4009 ἐλευθέρας.
1149 3952 1213 4012 τῇ
1250 3953 1494 4012 ἐλευθερίᾳ
1595 3952 1803 4000 difficult
1822 3960 1874 4000 to
1897 3960 2105 4001 account
2134 3952 2207 4000 sor
2230 3952 2327 4000 this
2350 3952 2570 4016 reading,
2588 3953 2753 4002 unless

339 4029 370 4092 ᾗ
405 4031 529 4088 ἡμᾶς
564 4030 773 4089 Χριστὸς
808 4032 1131 4091 ἠλευθέρωσεν
1164 4035 1384 4092 στήκετε,
1416 4034 1494 4080 καὶ
1600 4052 1672 4084 we
1706 4052 1920 4099 suppose
1953 4036 2058 4083 that
2093 4035 2177 4083 the
2211 4035 2368 4082 scribe
2403 4051 2459 4082 or
2493 4035 2755 4084 translator

336 4113 404 4170 μὴ
428 4112 576 4158 πάλιν
600 4112 728 4172 ζυγῷ
753 4113 961 4164 δουλείας
990 4111 1228 4172 ἐνέχεσθε.
1301 4115 1395 4162 See
1424 4114 1497 4162 Dr
1599 4116 1697 4163 had
1732 4116 1807 4163 his
1835 4131 1924 4178 eye
1958 4130 2093 4178 upon
2125 4132 2169 4163 v.
2213 4114 2243 4164 6
2277 4115 2419 4177 infin
2453 4112 2519 4172 (ἐν
2541 4116 2638 4176 γὰρ
2661 4115 2753 4176 Χρ.

340 4191 640 4256 Lightfoot's
675 4209 924 4254 summary
948 4194 1004 4241 os
1031 4195 1112 4243 the
1138 4196 1332 4244 various
1357 4197 1494 4244 read·
1597 4197 1650 4246 Ὶ.
1685 4197 1789 4248 οὔτε
1814 4201 2048 4260 περιτομή
2073 4217 2118 4246 τι
2144 4201 2314 4257 ἰσχύει,
2345 4199 2530 4258 κ.τ.λ.).

340 4275 449 4338 ings
475 4276 523 4322 in
551 4275 612 4322 V.
647 4290 665 4323 1
699 4274 997 4335 (Calatinns,
1025 4293 1073 4340 p.
1103 4279 1233 4336 200).
1667 4294 1744 4327 20.
1814 4280 2180 4326 circumcidcnlt'
2214 4280 2279 4340 sc]
2348 4279 2754 4340 περιτεμνομένῳε

412 4373 484 4419 13.
565 4359 620 4405 in
661 4357 856 4405 Christo
891 4375 939 4406 u.
977 4376 1027 4409 n.
1060 4361 1301 4422 prmlerit]
1343 4361 1490 4410 Card.
1598 4377 1656 4408 so
1693 4361 1777 4410 the
1813 4360 1948 4408 O.L.
1990 4362 2089 4408 and
2124 4361 2291 4423 Vulg„
2322 4361 2443 4408 with
2477 4362 2608 4424 Aug.
2635 4362 2757 4409 Am·

342 4439 479 4487 Pitra
519 4439 645 4487 cdits
692 4440 918 4488 Christus
1009 4443 1240 4504 proderit,
1287 4443 1373 4492 but
1414 4444 1499 4492 the
1599 4443 1744 4490 brstr.
1803 4442 1882 4491 Cf.
1909 4442 2047 4504 infra
2075 4443 2125 4501 (l.
2160 4444 2258 4505 24),
2295 4443 2428 4507 “qui
2452 4443 2760 4492 circumcidit

342 4520 560 4584 singular
598 4522 935 4570 construction
971 4523 1026 4569 in
1069 4523 1263 4572 Christo
1298 4523 1339 4572 is
1385 4540 1497 4587 sup·
1599 4524 1702 4573 se.’'
