3293 5233
637 917 1358 993 THEODORUS
1468 911 2389 992 MOPSUESTENUS

754 1117 873 1191 IN
974 1115 1623 1191 EPISTOLAM
1722 1116 1804 1191 B.
1904 1115 2247 1190 PAULI

822 1312 1027 1403 AD
1145 1293 2194 1406 PH'ILIPPENSES.

1121 1593 1896 1661 ARGUMENTUMJ*

429 1777 968 1842 PHILIPPENSES
1013 1778 1135 1841 uiri
1182 1788 1371 1842 erant
1411 1778 1742 1860 eligantes
1782 1786 1851 1842 et
1892 1774 2462 1860 contemplatione
2509 1775 2712 1839 uirtu-

297 1886 443 1943 tum
477 1880 703 1943 multis
736 1890 923 1944 erant
961 1881 1283 1957 melioreS,
1317 1882 1430 1964 qui
1463 1890 1530 1944 et
1560 1881 1649 1944 ad
1682 1902 1840 1944 usus
1872 1881 2278 1944 necessarios
2309 1878 2490 1941 beati
2525 1877 2713 1942 Pauli

300 1983 581 2047 multam
631 2004 893 2066 semper
940 1983 1419 2065 expendebant
1470 1982 2008 2060 sollicitudinem,
2060 1982 2394 2046 debitores
2441 2002 2514 2044 se
2573 1983 2713 2045 eius

298 2110 443 2152 esse
483 2089 948 2151 existimantes
990 2096 1228 2169 utpote
1269 2086 1580 2170 apostoli,
1614 2095 1682 2151 et
1718 2088 1876 2170 quia
1906 2087 1995 2150 ob
2030 2087 2309 2150 aliorum
2352 2085 2711 2150 utilitatem

297 2190 583 2254 multum
625 2190 950 2253 sustinere
994 2190 1349 2253 uidebatur
1390 2188 1705 2253 laborem.
1797 2199 1864 2253 et
1894 2188 2023 2252 hoc
2058 2188 2205 2270 quis
2241 2206 2714 2270 recognoscere

297 2294 542 2377 poterit
602 2314 690 2356 ex
745 2293 873 2356 illis
932 2313 1106 2375 quae
1160 2292 1224 2356 in
1280 2291 1413 2355 fine
1466 2291 1789 2374 epistolae
1840 2292 1929 2355 ab
1989 2292 2226 2355 eodem
2290 2289 2498 2354 Paulo
2556 2300 2714 2354 sunt

296 2398 557 2481 scripta.
648 2398 763 2459 sed
798 2396 1021 2460 euenit
1053 2398 1138 2459 de
1170 2396 1459 2478 primatu
1501 2396 2000 2459 contentionem
2041 2394 2283 2457 oboriri
2318 2393 2488 2456 inter
2516 2414 2714 2476 quos-

296 2499 454 2562 dam
506 2498 785 2573 illorum,
838 2508 906 2562 et
953 2499 1081 2562 hoc
1135 2501 1308 2562 inter
1368 2497 1514 2561 illos
1575 2500 1690 2579 qui
1746 2498 2042 2561 maxime
2090 2497 2448 2561 uirtutibus
2495 2498 2711 2560 ornati

296 2623 439 2665 esse
470 2602 882 2666 uidebantur.
974 2601 1245 2667 deducti
1291 2599 1449 2665 uero
1490 2613 1646 2666 sunt
1677 2602 1763 2667 ad
1796 2601 1967 2668 hanc
2005 2604 2710 2668 contentionemsicut

294 2725 496 2786 saepe
537 2704 710 2768 solet
746 2705 917 2769 inter
956 2704 1263 2768 homines
1305 2705 1461 2780 fieri,
1513 2707 1811 2769 maxime
1860 2726 2010 2769 curn
2054 2706 2182 2768 illis
2225 2706 2557 2770 adfuerint
2599 2706 2709 2769 illa

295 2828 469 2890 quae
522 2817 802 2890 possunt
852 2809 1212 2890 primatum
1266 2808 1396 2871 illis
1451 2818 1802 2890 praestare.
1912 2811 2120 2872 uirtus
2173 2810 2351 2873 enirn
2412 2811 2541 2875 hoc
2601 2812 2708 2876 uel

298 2910 595 2972 maxime
652 2909 947 2972 conferre
1006 2919 1247 2992 potest,
1302 2910 1457 2973 licet
1510 2911 1565 2973 si
1626 2920 1693 2973 et
1748 2910 1971 2993 aliqua
2030 2911 2162 2973 alia
2220 2913 2354 2976 sint
2414 2934 2588 2994 quae
2642 2914 2707 2977 id

296 3018 632 3092 praestare
707 3011 961 3092 possint
989 3028 1004 3085 ;
1098 3010 1264 3074 haec
1331 3021 1581 3089 tamen,
1643 3022 1969 3093 quantum
2045 3012 2189 3075 aliis
2264 3014 2497 3078 melior
2564 3035 2708 3078 esse

296 3113 704 3196 perspicitur,
765 3121 956 3175 tanto
1018 3112 1477 3176 uehementius
1550 3113 1618 3175 id
1683 3113 1976 3176 uindicat
2035 3114 2178 3189 sibi,
2237 3115 2293 3177 si
2354 3136 2487 3178 non
2558 3118 2708 3198 quis

2278 3278 2304 3328 7
2339 3266 2521 3315 aboriri
2549 3268 2592 3315 C
2611 3269 2680 3316 H
2691 3287 2705 3318 =

2293 3364 2347 3398 12
2383 3348 2498 3398 licet
2528 3357 2578 3399 et
2608 3350 2707 3400 alia

392 3263 419 3288 ⁴*
459 3264 641 3327 Incipit
664 3271 1009 3326 argumentum
1034 3263 1084 3311 in
1107 3263 1317 3327 epistola
1339 3265 1404 3312 ad
1430 3264 1775 3327 Philippenses
1803 3264 1846 3313 C
1867 3262 2012 3327 (corr)

291 3353 371 3395 txt
391 3364 423 3394 r
622 3362 680 3395 10
711 3347 832 3394 dum
857 3346 974 3409 (χόν
1004 3348 1137 3407 cum)
1172 3363 1204 3395 r
1401 3363 1453 3396 11
1493 3347 1579 3395 illa
1617 3347 1723 3412 (bes
1740 3350 1886 3412 quae)
1918 3363 1994 3395 om
2031 3347 2076 3396 C

291 3430 458 3493 aliqua
481 3443 513 3477 r
711 3440 768 3488 13
803 3427 1031 3475 meliores
1052 3444 1103 3476 se
1128 3426 1431 3492 perspiciunt
1460 3426 1528 3476 C*
1542 3429 1609 3476 H
1621 3445 1654 3477 r
1851 3444 1908 3491 14
1941 3428 2196 3478 uindicant
2220 3445 2252 3479 r

364 3575 404 3607 1.
488 3558 837 3622 thvaeyspenses,
894 3557 1010 3618 ἀφ]
1096 3559 1444 3622 ‘Argumentz
1607 3560 2009 3622 contemplatione
2044 3558 2320 3624 uirtutum]
2389 3561 2466 3610 Cf.
2507 3577 2555 3625 p.
2592 3576 2701 3626 117,

290 3641 401 3691 The
428 3643 548 3706 Ap„
573 3643 721 3691 while
746 3644 817 3701 (1)
837 3643 1056 3706 praising
1077 3642 1163 3690 the
1186 3642 1442 3705 conspicu-

290 3738 380 3770 ous
404 3722 586 3770 virtues
605 3722 663 3770 of
680 3722 762 3771 the
790 3722 1115 3788 Philippians‚
1143 3724 1241 3771 and
1267 3724 1339 3781 (2)
1363 3738 1442 3771 ac·

290 3805 646 3868 knowledging
667 3805 794 3854 their
815 3806 995 3869 supply
1020 3805 1076 3853 of
1102 3805 1180 3853 his
1213 3805 1443 3869 personal

288 3888 587 3943 necessities,
614 3886 680 3949 (3)
706 3902 866 3935 warns
890 3887 1025 3935 them
1050 3887 1241 3949 against
1269 3884 1335 3950 (a)
1358 3887 1442 3936 the

287 3968 512 4033 spiritual
558 3968 698 4031 pride
744 3967 906 4015 which
962 3968 1062 4015 had
1105 3969 1307 4031 already
1352 3968 1441 4015 im·

287 4048 459 4110 paired
495 4046 622 4094 their
653 4046 811 4108 unity,
846 4046 944 4094 and
979 4047 1042 4106 (b)
1075 4046 1158 4095 the
1179 4047 1443 4111 Judaizing

286 4124 511 4172 doctrine
541 4124 703 4172 which
739 4124 1028 4172 threatened
1064 4132 1116 4171 to
1150 4124 1442 4173 nndermine

286 4204 414 4253 their
453 4203 591 4251 saith.
659 4205 768 4251 The
806 4204 902 4267 Ep.
948 4220 1048 4251 was
1086 4205 1279 4253 written
1314 4203 1438 4252 from

288 4288 448 4335 Rome
472 4285 652 4347 during
677 4288 727 4334 S.
758 4285 919 4334 Paul‘s
943 4285 1045 4334 first
1064 4286 1440 4349 imprisonment

285 4366 337 4415 in
360 4366 466 4416 that
492 4364 626 4429 city.’
699 4366 809 4414 'l'he
842 4375 1100 4430 argument
1136 4369 1175 4415 is
1208 4368 1339 4416 cited
1373 4368 1442 4431 by

286 4450 533 4502 Lansranc
557 4449 608 4497 in
632 4464 695 4497 an
718 4450 1038 4497 abbreviated
1062 4449 1206 4499 form.

350 4528 603 4593 elegantes]
671 4530 748 4578 Cs-
774 4546 822 4595 p.
856 4545 932 4590 υ,
961 4530 995 4579 l.
1028 4531 1098 4588 16,
1134 4540 1268 4581 note.

1544 3639 1578 3687 1.
1612 3655 1684 3703 13,
1714 3648 1860 3696 note3
1896 3641 2053 3704 infra.
2079 3658 2144 3689 on
2175 3658 2192 3690 1
2223 3642 2351 3692 Tim.
2380 3644 2451 3692 iii.
2478 3647 2525 3694 8.

1611 3721 1657 3771 6.
1722 3723 1780 3770 in
1792 3723 1901 3784 fine
1917 3723 2162 3786 epistolae]
2196 3741 2239 3773 c.
2270 3725 2334 3773 iv.
2367 3730 2568 3777 10—18.

1614 3819 1688 3853 11.
1758 3805 1923 3851 uirtus
1944 3806 2078 3852 enim
2101 3805 2201 3863 hoc,
2231 3806 2345 3868 δῖα]
2412 3808 2589 3874 Comp.
2615 3812 2701 3862 the

1544 3899 1645 3948 arg.
1678 3885 1728 3932 in
1753 3885 1957 3933 Cramer
1983 3885 2065 3942 (vi.
2093 3888 2232 3948 229):
2269 3888 2481 3938 σπανίως
2502 3891 2600 3952 γάρ
2630 3910 2702 3941 τις

1545 3967 1623 4013 καὶ
1665 3965 1925 4026 ἁμαρτάνει
1965 3968 2041 4014 καὶ
2076 3969 2350 4027 φυσιοῦται·
2396 3970 2452 4016 τὸ
2486 3972 2583 4032 γὰρ
2615 3975 2701 4032 τῆς

1544 4051 1823 4107 φυσιώσεως
1855 4046 2057 4096 ἅπτεται
2085 4050 2180 4095 τῶν
2207 4049 2452 4096 κάλλιστα
2471 4052 2701 4110 βιούντων

1544 4131 1619 4176 καὶ
1658 4126 1733 4176 ὑπ’
1766 4129 1914 4176 αὐτοῦ
1944 4130 2117 4177 τούτου
2139 4128 2200 4178 ὡς
2221 4131 2285 4178 τὰ
2308 4131 2474 4178 πολλὰ
2507 4132 2697 4194 ἐπαιρο-

1541 4211 1707 4265 μένων.

1616 4309 1686 4342 12.
1758 4292 1870 4340 licet
1890 4292 1958 4353 si]
2024 4292 2104 4341 Cs.
2129 4309 2179 4356 p.
2208 4308 2317 4353 202,
2344 4293 2377 4342 l.
2414 4297 2488 4343 18.

1611 4389 1687 4437 13.
1757 4374 1930 4421 melior
1972 4390 2066 4422 csse
2098 4376 2289 4437 persp]
2373 4378 2468 4425 See
2513 4393 2590 4426 vv·
2636 4379 2689 4428 ll.

2747 2727 2822 2773 10

1541 4455 1651 4504 The
1689 4455 1841 4503 MSS.
1879 4456 2033 4503 retain
2070 4456 2118 4503 in
2155 4458 2385 4505 uindicat
2416 4474 2445 4507 a
2480 4466 2611 4509 trace
2645 4462 2703 4511 of
2727 4451 2740 4462 ’

1540 4535 1624 4584 the
1645 4534 1855 4599 original
1879 4536 2229 4585 construction.
