3293 5233
241 328 330 392 ΙΙ.
374 328 666 412 11—14]
1050 342 1131 391 1N
1181 341 1286 392 ΕΡ.
1332 341 1435 391 AD
1481 341 1836 393 GALATAS.
2569 350 2643 395 21

366 536 511 579 cum
559 524 774 579 autem
827 512 1105 577 uenisset
1143 513 1389 577 Petrus
1433 512 1835 593 Antiochiae,
1882 514 1953 578 in
1983 515 2231 597 faciem
2279 515 2389 582 illi
2423 518 2652 596 restiti,

236 619 546 702 quoniam
588 628 734 682 erat
779 618 1205 701 reprehensus.

369 730 643 814 quidam
670 730 827 813 quia
860 731 1255 794 incusabant
1286 729 1405 794 illa
1435 751 1609 814 quae
1640 731 1729 795 ab
1755 750 1838 795 eo
1868 730 2138 797 fiebant.
2220 755 2395 817 quae
2424 744 2650 800 autem

240 842 437 897 erant
481 832 642 897 illa?

356 969 750 1050 priusquam
805 968 1102 1032 uenirent
1155 967 1425 1051 quidam
1478 968 1560 1033 ab
1609 969 1855 1047 Iacobo,
1916 992 2061 1034 cum
2108 972 2413 1055 gentibus
2469 994 2653 1040 man·
2729 986 2760 1053 5

235 1070 515 1135 ducabat
530 1095 560 1146 ‚·
590 1081 937 1153 postquam
980 1093 1131 1134 uero
1167 1083 1496 1149 uenerunt,
1523 1073 1942 1137 subtrahebat
1981 1085 2044 1138 et
2084 1076 2465 1159 segregabat
2494 1079 2655 1161 seip-

232 1193 399 1249 sum,
431 1172 666 1235 timens
691 1194 792 1235 eos
819 1174 938 1254 qui
963 1183 1154 1236 erant
1184 1195 1268 1237 ex
1289 1175 1764 1238 circumcisione
1778 1200 1808 1252 ,·
1853 1187 1916 1240 et
1945 1177 2127 1241 ducti
2150 1190 2308 1243 sunt
2350 1179 2422 1243 in
2467 1180 2653 1244 illam

232 1275 714 1339 simulationem
761 1277 958 1340 etiam
1011 1278 1201 1341 ceteri
1248 1278 1498 1353 Iudaei,
1555 1278 1651 1341 ita
1704 1289 1781 1342 ut
1825 1289 1887 1342 et
1930 1280 2283 1345 Barnabas
2323 1282 2661 1346 duceretur

234 1382 305 1446 in
335 1402 552 1444 eorum
582 1380 1083 1444 simulationem.
1171 1384 1288 1445 sea'
1320 1383 1580 1464 quando
1620 1382 1769 1446 uidi
1806 1384 1961 1465 quia
2002 1406 2129 1448 non
2171 1396 2330 1449 recte
2358 1387 2661 1450 incedunt

235 1487 335 1550 ad
367 1487 702 1550 ueritatem
743 1484 1078 1566 euangelii,
1111 1485 1263 1548 dixi
1289 1487 1489 1548 Petro
1527 1506 1749 1549 coram
1784 1489 2082 1553 omnibus
2100 1511 2125 1553 .·
2166 1490 2234 1553 si
2269 1501 2342 1554 tu
2372 1489 2657 1555 Iudaeus
2690 1506 2768 1554 10

240 1611 388 1653 cum
416 1590 526 1664 sis,
537 1588 874 1671 gentiliter
900 1587 1080 1650 uiuis
1107 1598 1169 1651 et
1196 1609 1321 1652 non
1355 1589 1618 1665 iudaice,
1650 1590 1818 1672 quia'
1837 1603 2061 1673 gentes
2080 1595 2251 1676 cogis
2272 1595 2658 1661 iudaizare?

370 1717 514 1780 uult
545 1718 814 1799 quidem
847 1717 1217 1793 ostendere,
1251 1717 1566 1799 quoniam
1602 1738 1734 1780 non
1767 1720 2028 1803 scriptis
2059 1731 2325 1787 tantum
2358 1725 2657 1789 abutitur

243 1820 431 1884 uerbi
464 1818 798 1892 fiduciam,
826 1818 944 1880 sed
978 1827 1042 1880 et
1072 1819 1141 1881 in
1175 1818 1409 1882 faciem
1446 1820 1687 1882 restitit
1722 1820 1933 1884 Petro,
1996 1824 2270 1903 quando
2304 1824 2535 1888 Iudaei
2569 1826 2657 1891 ab

240 1922 490 1986 Iacobo
553 1921 751 1984 fratre
813 1921 1106 1993 Domini,
1169 1922 1281 2004 qui
1359 1921 1959 1985 Hierosolimorum
2021 1924 2366 1988 ecclesiam
2429 1947 2657 2009 regere

239 2027 455 2090 fuerat
503 2024 925 2097 constitutuS,
957 2022 1391 2086 Antiochiam
1426 2032 1767 2097 uenerunt,
1816 2045 2085 2089 cessans
2114 2026 2309 2090 edere
2341 2048 2492 2090 curn
2527 2028 2653 2092 illis
2690 2040 2759 2108 15

239 2128 355 2208 qui
416 2147 504 2188 ex
565 2125 875 2208 gentibus
936 2125 1374 2199 crediderant,
1431 2126 1612 2208 quod
1675 2128 1962 2208 primum
2027 2129 2379 2193 indiscrete
2441 2129 2657 2194 facere

239 2230 609 2303 uidebatur,
644 2228 936 2310 seipsum
975 2229 1061 2291 ab
1103 2249 1332 2291 eorum
1366 2230 1586 2310 coepit
1618 2230 1954 2294 custodire
1984 2232 2474 2295 communione.
2554 2234 2656 2295 ‘in

238 2353 371 2414 qua
417 2331 545 2395 hoc
591 2332 883 2394 factum:
930 2352 1062 2394 non
1105 2331 1324 2394 solum
1374 2331 1640 2395 Iudaeis
1687 2334 2332 2396 communicantibus
2380 2333 2490 2411 illi,
2537 2336 2655 2398 sed

236 2446 306 2500 et
352 2436 662 2498 Barnaba
708 2455 860 2498 meo
908 2435 1106 2510 sociO‚
1140 2444 1414 2517 propter
1458 2435 1606 2498 illos
1656 2436 1769 2518 qui
1819 2457 1858 2499 a
1908 2436 2158 2501 Iudaea
2205 2447 2525 2502 uenerant
2570 2439 2656 2501 ad

337 2657 365 2692 α
403 2649 508 2692 erat
540 2656 618 2689 om
659 2640 768 2690 CH
843 2639 1244 2704 reprehensibilis
1276 2647 1380 2689 erat
1415 2640 1532 2704 quia
1565 2640 1769 2704 quidam
1799 2641 1842 2691 C
1863 2638 2009 2704 (corr)
2098 2644 2422 2707 reprehensus
2454 2645 2659 2710 quidem

237 2723 357 2786 quia
389 2722 458 2770 H
647 2735 673 2783 5
709 2721 1076 2770 manducabant
1105 2720 1149 2768 C
1345 2732 1370 2781 7
1398 2728 1447 2769 et
1468 2736 1546 2769 om
1568 2721 1636 2769 sl
1824 2736 1855 2786 9
1890 2722 2175 2773 incederent
2197 2725 2265 2772 H
2456 2740 2508 2775 11
2537 2743 2658 2792 quo·

237 2804 391 2852 modo
416 2801 528 2866 (sor
548 2802 687 2868 quid)
715 2802 779 2850 H
907 2815 960 2849 12
993 2800 1243 2850 abutimur
1271 2800 1312 2849 C
1320 2800 1346 2824 ⁴*
1372 2801 1437 2849 II
1568 2816 1585 2850 ι
1595 2818 1622 2865 3
1651 2801 1824 2850 fidutia.
1845 2803 1913 2850 H
1931 2801 1938 2866 Ι
1970 2804 2093 2853 facie
2122 2806 2165 2854 C
2184 2806 2249 2854 H
2252 2805 2278 2831 ¹*
2418 2806 2476 2856 16
2500 2808 2658 2858 facere

239 2887 506 2936 indiscrete
539 2888 600 2935 H
801 2896 856 2948 17
893 2886 945 2933 in
969 2901 1070 2948 quo
1094 2885 1225 2934 facto
1254 2885 1297 2933 C
1319 2881 1464 2948 (corr)
1674 2901 1729 2951 ¹9
1770 2887 2028 2937 Barnabae
2065 2889 2132 2938 H

238 3079 353 3128 ΤῙιε
385 3076 642 3126 confusion
676 3075 734 3125 of
761 3075 845 3124 the
868 3075 1025 3124 MSS.
1049 3091 1164 3139 may
1185 3075 1400 3139 perhaps
1568 3092 1615 3126 2.
1672 3078 1905 3139 quoniam
1929 3082 2036 3126 erat
2053 3078 2385 3141 reprehensus]
2441 3080 2515 3129 ὅτι
2545 3099 2657 3130 κατ·

239 3161 304 3208 be
349 3159 574 3207 ascribed
620 3165 673 3206 to
720 3155 788 3220 (1)
831 3157 915 3206 the
960 3158 1196 3205 omission
1233 3158 1299 3220 by
1334 3174 1398 3206 an
1502 3154 1796 3216 εγνωσμένος
1820 3155 1890 3217 ἦν.
1957 3159 2066 3207 The
2089 3169 2334 3209 corrector
2356 3161 2415 3210 of
2430 3163 2513 3211 the
2538 3164 2659 3212 Cor·

236 3241 416 3291 earlier
437 3241 629 3305 copyist
653 3240 712 3288 of
727 3240 811 3288 the
835 3240 997 3288 words
1017 3255 1128 3287 cum
1160 3246 1320 3287 autem
1501 3239 1582 3286 bie
1611 3239 1726 3287 MS.
1750 3239 1840 3288 has
1863 3239 2159 3289 substituted
2185 3242 2269 3289 the
2292 3242 2443 3306 Vulg.
2462 3244 2659 3294 render-

236 3322 492 3386 quoniam,
520 3317 588 3384 (α)
621 3321 705 3370 the
740 3321 1040 3384 subsequent
1076 3320 1399 3369 re-introduc-
1501 3322 1620 3384 ing3
1656 3338 1737 3370 see
1772 3339 1852 3370 vv.
1884 3322 1938 3371 ll.
2013 3324 2154 3373 With
2190 3325 2331 3375 Th.’s
2369 3327 2658 3391 interpreta-

239 3406 346 3453 tion
383 3404 508 3452 after
542 3403 853 3466 repre-hermes
890 3402 949 3450 of
985 3419 1123 3451 verse
1168 3417 1242 3458 11,
1290 3419 1399 3466 pre·
1502 3402 1607 3449 tion
1654 3400 1929 3465 (“quidam
1983 3404 2101 3467 quia
2154 3404 2499 3465 incusabant,”
2546 3405 2658 3471 ἃς.)

237 3484 396 3533 ceded
443 3483 510 3546 by
546 3483 614 3530 sic
659 3480 735 3545 (or
771 3482 914 3544 sicut)
949 3482 1081 3530 decit.
1150 3482 1224 3530 Et
1257 3489 1404 3530 erant
1500 3498 1665 3545 comp.
1689 3483 1863 3546 Chrys.
1890 3481 1973 3533 οὐκ
1997 3486 2145 3543 εἶπεν,
2171 3482 2243 3534 ὑπ’
2269 3484 2399 3546 ἐμοῦ·
2435 3485 2544 3537 ἀλλ’
2569 3490 2660 3540 ὑπὸ

239 3564 386 3613 looks
409 3564 511 3612 like
541 3565 623 3613 the
658 3564 957 3627 blundering
990 3563 1252 3627 repetition
1286 3563 1344 3612 of
1370 3579 1401 3611 a
1500 3562 1604 3613 τῶν
1618 3568 1796 3614 ἄλλων.

238 3644 400 3693 scribe
423 3645 590 3693 whose
620 3660 709 3708 eye
743 3644 843 3693 had
878 3645 1039 3692 rested
1073 3660 1138 3692 on
1174 3644 1259 3693 the
1292 3659 1406 3706 pre·
1569 3660 1615 3708 7.
1688 3648 1822 3696 ducti
1850 3656 1969 3697 sunt
1999 3651 2062 3699 itt
2081 3651 2223 3700 illam
2245 3652 2310 3714 s.]
2384 3658 2657 3717 συνυπεκρί-

239 3726 383 3773 vious
413 3731 537 3774 erat.
605 3725 742 3774 Pitra
775 3725 923 3774 omits
954 3730 1000 3773 et
1023 3732 1169 3772 erant
1190 3724 1398 3775 without
1504 3729 1657 3787 θησαν
1679 3726 1809 3790 αὐτῷ
1832 3730 1916 3793 (0.
1944 3734 2002 3781 L.
2026 3743 2369 3784 consenserunt
2392 3753 2503 3786 cum
2538 3740 2624 3787 illo
2638 3757 2660 3799 ,-

239 3806 422 3862 notice,
469 3806 569 3854 and
625 3805 801 3855 inserts
853 3806 911 3853 de
962 3820 1062 3868 qua
1119 3805 1170 3854 in
1225 3821 1401 3868 square
1503 3811 1652 3875 Vulg.
1678 3813 1989 3862 simulationi
2006 3815 2108 3862 cius
2127 3818 2502 3880 consenserunt).
2551 3821 2661 3870 Our

241 3888 472 3936 brackets
508 3885 676 3935 before
710 3892 817 3934 erat
850 3894 994 3949 repr„
1032 3886 1194 3934 which
1228 3886 1292 3934 he
1327 3902 1399 3934 re·
1503 3892 1767 3941 translator
1796 3910 1954 3943 seems
1987 3902 2039 3943 to
2070 3895 2198 3945 have
2228 3897 2355 3945 been
2384 3899 2569 3960 guided
2596 3901 2660 3964 by

241 3967 389 4015 tains.
460 3966 485 4013 1
509 3966 637 4014 have
661 3965 873 4028 thought
896 3966 931 4013 it
956 3966 1064 4014 best
1094 3974 1145 4013 to
1176 3965 1299 4013 omit
1333 3964 1400 4013 all
1503 3986 1533 4016 a
1556 3971 1907 4021 reminiscence
1935 3974 1993 4021 of
2020 3975 2104 4023 the
2136 3976 2283 4040 Vulg.
2315 3979 2580 4043 rendering
2609 3982 2668 4029 of

240 4050 354 4099 four
382 4049 560 4106 words,
586 4049 849 4113 regarding
883 4050 1018 4097 thern
1048 4065 1102 4098 as
1123 4064 1187 4097 an
1212 4064 1400 4097 exeres-
1502 4052 1586 4101 the
1621 4052 1877 4117 following
1898 4056 2076 4112 words,
2102 4058 2393 4118 συναπήχθη
2416 4056 2573 4107 αὐτῶν
2597 4062 2664 4121 τῇ

238 4146 393 4181 cence
415 4147 550 4194 upon
576 4131 659 4179 the
681 4130 890 4194 original
916 4138 1034 4180 text.
1504 4132 1748 4195 ὑποκρίσει
1773 4132 2165 4195 (duceretur...in
2189 4137 2278 4184 illa
2313 4137 2658 4205 simulatione).

315 4229 357 4262 1.
424 4212 622 4273 Petrus]
692 4212 762 4261 So
786 4212 849 4262 Ο.
873 4212 960 4272 L.;
996 4213 1164 4276 Vulg„
1183 4212 1398 4275 Cephas.
1574 4230 1649 4264 ιι.
1716 4215 1841 4279 quid
1861 4224 2020 4277 gmtes
2051 4217 2196 4280 cog-is]
2235 4218 2345 4267 ΤῙιε
2370 4219 2517 4268 Latin
2552 4237 2658 4270 ver-

240 4297 353 4346 ΤῙιε
387 4311 523 4345 same
556 4295 820 4344 difference
849 4310 1020 4344 occurs
1051 4295 1228 4353 below,
1259 4295 1292 4342 1.
1323 4309 1398 4343 10.
1502 4296 1635 4344 sions
1674 4296 1774 4345 and
1814 4296 1998 4346 fathers
2037 4307 2289 4362 represent
2331 4301 2414 4348 the
2455 4303 2660 4367 reading

241 4379 443 4438 Πέτρος,
471 4377 647 4438 Πέτρῳ
667 4392 751 4426 are
774 4377 928 4426 found
952 4378 1004 4425 in
1029 4377 1225 4441 Chrys„
1252 4376 1395 4437 Oec.,
1503 4379 1619 4426 πῶς.
1688 4379 1883 4441 Chrys„
1922 4378 2097 4435 Thdt.‚
2134 4381 2231 4427 and
2269 4381 2352 4430 the
2386 4382 2528 4430 other
2556 4383 2653 4431 Gk.

240 4458 431 4523 Thpht.
455 4477 468 4517 ;
507 4459 653 4507 Darn.
684 4457 773 4507 has
798 4457 990 4519 Κηφᾶς,
1021 4458 1210 4519 Πέτρῳ.
1502 4467 1887 4507 commentators
1916 4458 2036 4520 (exc.
2071 4461 2242 4516 Dani.)
2269 4463 2392 4511 have
2419 4467 2479 4512 τί.
