3293 5233
331 390 449 454 VI.
492 408 584 471 11,
627 392 744 477 12.]
1134 405 1217 456 IN
1267 406 1372 458 ΕΡ.
1418 407 1521 457 AD
1566 407 1921 461 GALATAs.
2627 410 2747 479 107

329 573 478 638 illos
522 578 635 660 qui
673 577 1034 642 aestimant
1077 576 1432 642 indiscrete
1473 579 1814 643 nocendos
1856 592 2002 644 esse
2043 594 2160 644 eos
2200 580 2313 663 qui
2355 589 2512 646 sunt
2553 580 2746 645 nobis

328 682 525 766 alieni
577 703 616 745 a
664 682 812 745 fide.
903 702 1073 763 quos
1116 682 1558 745 conueniebat
1600 682 1766 744 illud
1808 685 2213 765 excogitare,
2246 687 2564 767 quoniam
2613 705 2745 748 non

327 808 530 851 omne
589 786 770 869 quod
831 786 977 868 quis
1027 786 1167 867 pati
1223 785 1464 868 dignus
1517 785 1620 861 sit,
1675 785 1802 848 hoc
1855 796 1924 850 et
1976 788 2170 850 nobis
2220 787 2454 853 deceat
2514 787 2747 851 facere.

328 899 736 974 quapropter
765 888 1123 972 plurimam
1158 909 1278 952 nos
1310 889 1627 952 adhibere
1658 890 1972 955 conuenit
2004 892 2440 974 diligentiam.

459 995 777 1077 quoniam
846 1014 1004 1056 uero
1058 1002 1125 1056 et
1185 992 1729 1057 exhortationem
1790 995 2303 1070 consummauit,
2355 996 2499 1059 siue'
2559 992 2741 1060 illam

327 1120 499 1184 quae
544 1120 632 1162 ex
681 1099 939 1181 integro
985 1106 1086 1161 est
1128 1098 1269 1160 siue
1322 1097 1407 1160 de
1450 1095 1578 1160 illis
1619 1097 1706 1160 de
1742 1097 1984 1180 quibus
2029 1099 2395 1181 cogebatur
2439 1119 2745 1163 consum-

328 1224 510 1267 mare
542 1200 914 1285 epistolam,
948 1200 1269 1283 incipiens
1301 1201 1541 1264 iterum
1573 1200 1660 1264 ad
1694 1202 1944 1284 negotii
1977 1201 2395 1285 propositum
2431 1204 2704 1268 recurrit
2734 1228 2748 1268 :

459 1387 666 1451 uidete
691 1384 993 1469 qualibus
1021 1384 1261 1449 litteris
1290 1384 1470 1448 uobis
1496 1385 1731 1466 scripsi
1757 1406 1899 1449 mea
1931 1406 2148 1449 manu.

453 1523 820 1606 †inuehere
849 1545 921 1587 se
952 1525 1223 1607 cupiens
1256 1523 1651 1587 aduersariis
1684 1523 1883 1587 ualde
1925 1523 2286 1588 maioribus
2317 1522 2553 1588 litteris
2586 1546 2743 1589 usus

327 1638 445 1706 est,
497 1628 855 1711 designans
922 1627 1241 1709 quoniam
1296 1646 1512 1708 neque
1573 1634 1839 1689 ueretur
1898 1646 2029 1701 eOS‚
2082 1646 2299 1709 neque
2352 1636 2556 1709 negat
2630 1626 2742 1691 illa

325 1751 446 1794 sua
477 1751 621 1793 esse
652 1750 825 1812 quae
856 1727 1080 1803 dicit,*
1127 1727 1245 1792 sed
1294 1737 1362 1791 et
1405 1727 1602 1791 ualde
1641 1748 1920 1810 arguere
1962 1748 2093 1802 e03,
2129 1729 2185 1791 si
2233 1750 2388 1792 usus
2421 1730 2740 1811 exegerit,

325 1832 653 1895 sufficiens
683 1833 790 1895 sit.
882 1841 1154 1914 propter
1183 1829 1311 1894 hoc
1341 1830 1630 1913 primum
1664 1832 2025 1894 ostendens
2068 1831 2436 1896 litterarum
2484 1833 2743 1915 magni-

325 1935 627 1998 tudiner'n
658 1934 861 1998 adicit
887 1956 901 1998 :

451 2102 827 2185 quicumque
889 2102 1117 2165 uolunt
1158 2102 1411 2184 placere
1451 2102 1521 2166 iu
1563 2123 1769 2178 carne,
1813 2100 1892 2165 lu·
1928 2111 2160 2183 cogmzt
2199 2122 2312 2166 uos
2351 2101 2740 2182 circumcidi,

326 2216 579 2271 tautum
612 2228 691 2269 ue
715 2207 921 2270 crucis
953 2205 1204 2272 Clzrzkti
1214 2206 1713 2288 persecutionem
1731 2205 2102 2287 patiantur.

453 2349 600 2432 ‘qui
654 2347 890 2413 uolunt
937 2347 1208 2432 (inquit)
1256 2350 1622 2412 secundum
1671 2355 2089 2431 praesentem
2135 2346 2308 2412 hanc
2353 2349 2561 2414 uitam
2595 2347 2739 2432 pla-

323 2474 469 2518 cere
513 2454 906 2518 aduersariis
952 2453 1237 2535 pietatiS,
1272 2451 1375 2535 (ut
1407 2453 1586 2515 dicat
1622 2452 1913 2533 Iudaeis)
1961 2452 2053 2515 ita
2095 2461 2168 2516 ut
2210 2454 2738 2535 persecutionem

324 2577 455 2622 non
488 2558 827 2641 patiantur
855 2565 1126 2640 propter
1159 2553 1516 2632 Christum,
1549 2555 1676 2619 ista
1709 2553 1921 2619 facere
1953 2554 2377 2620 adnituntur.'
2467 2563 2533 2620 et
2582 2556 2740 2638 quia

324 2659 521 2724 ualde
569 2670 711 2724 erat
758 2680 963 2743 graue
1012 2666 1084 2722 ut
1131 2658 1499 2723 infidelium
1541 2658 1754 2741 gratia
1798 2657 1959 2721 talia
2003 2658 2312 2732 facerent,
2364 2659 2488 2741 ipsi
2535 2660 2739 2722 simu-

324 2763 536 2827 lantes
586 2785 657 2826 se
703 2764 904 2826 fidem
948 2772 1190 2836 tenere,
1224 2771 1297 2825 ut
1345 2783 1427 2825 ne
1471 2763 1779 2826 uideatur
1821 2783 1861 2825 a
1902 2784 1974 2826 se
2020 2764 2086 2826 id
2135 2762 2556 2841 confinxisse,
2589 2784 2739 2847 pro-

322 2876 512 2950 perat
542 2866 933 2932 confirmare
966 2865 1131 2929 illud
1164 2865 1346 2948 quod
1383 2866 1597 2930 dixit:

451 3165 717 3245 μέλλων
767 3159 1230 3226 καθάπτεσθαι
1289 3162 1376 3224 τιῖ
1385 3187 1418 3225 ν
1478 3159 1779 3224 ἐναντίων
1836 3157 2003 3238 ἄγαν
2059 3157 2344 3238 μείζοσιν
2403 3156 2735 3246 ἐχρήσατο

319 3267 715 3353 γράμμασιν,
777 3262 1101 3351 ἐμφαίνων
1158 3261 1258 3328 ’ότι
1317 3261 1463 3328 οὔτε
1531 3260 1712 3332 αὐτὸς
1783 3260 2042 3348 ἐρυθριᾷ
2102 3258 2248 3325 οὔτε
2306 3257 2594 3345 ἀρνεῖται
2649 3259 2739 3326 τὰ

321 3367 654 3453 λεγόμενα.

422 3561 440 3594 1
479 3545 760 3594 existimant
783 3545 846 3592 H
1194 3557 1220 3591 α
1260 3541 1369 3589 illos
1395 3540 1503 3604 (ast.
1531 3540 1703 3600 conu.)
1728 3538 1832 3586 add
1855 3537 1993 3586 (3⁴27
2346 3550 2374 3598 3
2408 3553 2499 3586 nos
2524 3537 2566 3586 C
2587 3535 2733 3600 (τονή

322 3641 347 3688 5
388 3643 508 3675 uero
542 3643 617 3675 otu
661 3627 703 3674 C
739 3623 884 3688 (corr)
1106 3640 1163 3673 10
1198 3631 1376 3686 negant
1405 3621 1474 3670 C*
1688 3637 1743 3682 14
1777 3635 1863 3668 eos
1889 3620 2004 3683 (fhr
2025 3620 2134 3677 uos)
2165 3617 2234 3668 C*
2456 3634 2522 3667 ἰο
2554 3619 2604 3666 id
2628 3634 2658 3666 a
2681 3634 2736 3667 se

321 3710 385 3756 ll
405 3706 412 3772 Ι
442 3709 623 3756 confix.
654 3709 698 3756 C
727 3706 964 3768 [confinx.
989 3706 1158 3753 coniec.
1185 3704 1353 3764 Pitra]
1550 3717 1610 3750 22
1649 3701 1803 3749 Coisl.
1832 3717 1939 3762 204,
1969 3700 2003 3749 f.
2034 3701 2147 3762 44b
2171 3701 2277 3761 [Cr.
2303 3700 2368 3748 vi.
2394 3715 2473 3764 90,
2504 3700 2585 3749 Fr.
2621 3700 2737 3764 129]

321 3793 566 3851 θεοδώρου.
636 3787 788 3837 ἄλλος
811 3789 863 3837 δέ
887 3789 1055 3848 φησίν
1079 3788 1284 3845 μέλλων,
1310 3803 1400 3834 κ.τ.
1413 3786 1460 3832 λ.

384 3967 427 4012 9.
516 3950 660 3997 ualde
697 3949 962 3996 maioribus
999 3946 1190 4005 lt'ttem‘s]
1258 3946 1340 3995 On
1388 3945 1473 3993 the
1572 3942 1639 4002 μή
1661 3940 1863 4004 ’γράφων
1887 3943 1952 3990 εἰς
1975 3939 2164 3991 κάλλος.
2202 3940 2312 3988 The
2336 3940 2480 3988 latter
2503 3955 2604 3986 was
2627 3939 2735 3990 also

320 4032 463 4079 other
484 4029 619 4078 hand
644 4030 849 4091 Chrys:
883 4025 940 4075 τὸ
974 4030 1022 4077 δὲ
1062 4031 1074 4052 ‘
1093 4030 1307 4085 πηλίκοις
1323 4026 1335 4047 ’
1371 4028 1472 4083 ἐμοὶ
1573 4022 1659 4071 the
1714 4022 1841 4069 view
1886 4019 2001 4068 held
2043 4021 2111 4082 by
2152 4021 2395 4068 Eusebius
2442 4019 2501 4068 of
2540 4020 2726 4080 Emisa‚

320 4115 449 4161 δοκεῖ
470 4115 522 4161 οὑ
547 4111 601 4159 τό
622 4113 823 4170 μέγεθος
845 4107 979 4157 ἀλλὰ
1001 4107 1089 4168 τὴν
1111 4109 1350 4169 ἀμορφίαν
1382 4105 1476 4154 τῶν
1572 4103 1841 4164 according
1894 4109 1945 4149 to
1999 4102 2084 4151 the
2140 4101 2332 4165 margin
2377 4101 2436 4149 of
2484 4100 2732 4152 Cramer's

318 4193 619 4256 γραμμάτων
640 4193 879 4250 ἐμφαίνων
901 4194 1073 4251 λέγειν.
1144 4192 1188 4238 Τ
1193 4192 1296 4238 hdt.
1322 4199 1473 4239 states
1575 4187 1765 4233 Catena
1790 4185 1874 4244 [vi.
1904 4184 2007 4247 9o].

319 4276 442 4325 both
466 4276 635 4328 views,
660 4274 748 4320 but
772 4272 977 4320 inclines
1001 4280 1052 4320 to
1076 4271 1473 4333 Chrysostom's:
1649 4285 1722 4318 10.
1792 4284 1939 4329 neque
1962 4275 2154 4314 tec-retur
2172 4265 2265 4326 eos]
2312 4265 2568 4328 Pelagius:
2607 4270 2639 4291 “
2658 4266 2730 4315 in-

318 4355 379 4401 το“
397 4355 447 4401 δὲ
468 4358 479 4379 ‘
496 4353 714 4411 πηλίκοις
729 4347 1030 4410 ’γράμμασιν’
1049 4351 1170 4398 τινὲς
1185 4351 1272 4407 μὲν
1293 4347 1473 4411 μεγά-
1577 4350 1786 4414 telligite
1827 4349 1961 4412 quod
2001 4364 2102 4397 non
2149 4349 2367 4408 timeam,
2413 4349 2498 4413 qui
2544 4348 2731 4397 litteras

318 4440 463 4492 λοις,
488 4437 610 4483 τινὲς
634 4435 685 4482 δὲ
709 4435 956 4493 φαύλοις
990 4430 1306 4493 ἠρμήνευσαν.
1374 4434 1477 4493 ἐγὼ
1578 4448 1728 4482 manu
1753 4447 1863 4480 mea
1888 4445 2043 4493 nuper
2066 4428 2292 4493 sc1·ipsi.'’

317 4523 417 4581 ’γὰρ
440 4519 626 4581 (φησὶν)
660 4518 858 4578 ἔγραψα
897 4512 986 4574 τὴν
1022 4509 1286 4572 ἐπιστολὴν
1321 4515 1478 4563 καίτοι

2818 1010 2850 1077 5

2778 1633 2854 1680 10

2764 2787 2849 2835 20
