3293 5233
532 408 556 455 ¹
573 392 659 473 76
835 412 840 416 ·
1187 385 1641 459 ‘'mEonoRus
1690 369 2283 459 uorsuns‘rssnus
2489 388 2635 476 [IV.
2668 377 2946 468 29—32.

523 576 985 644 imminentem
1045 579 1172 646 sibi
1229 581 1572 647 doctrinae
1638 566 2104 677 necessitatem
2163 578 2369 643 dicit:
2441 573 2769 659 numquid
2818 583 2990 636 non*

522 678 827 746 habemus
839 693 1213 766 potestatem
1258 694 1335 748 ut
1378 705 1504 748 non
1548 683 1932 767 operemur?
2018 692 2086 747 et
2134 691 2208 747 ut
2260 682 2511 746 bonum
2564 701 2736 765 opus
2784 700 2944 763 erga

524 793 792 848 sanctos
822 784 956 862 fiat,
987 786 1363 869 frequenter
1398 788 1663 851 uidetur
1709 787 2221 851 sollicitudinem
2270 787 2696 878 impendere;
2761 788 2942 869 quod

526 885 755 966 utique
802 886 1208 970 superfluum
1257 898 1399 954 erat
1446 889 1678 965 facere,
1710 889 1764 951 si
1813 887 2132 971 operandi
2177 887 2293 952 lex
2338 888 2649 951 omnibus
2689 887 2946 950 incum-

462 994 509 1072 5'
526 989 747 1055 bebat.

653 1133 865 1197 omnis
899 1137 1106 1198 sermo
1151 1137 1423 1218 nequam
1467 1157 1547 1199 ex
1584 1157 1693 1200 ore
1737 1147 1945 1200 uestro
1991 1157 2116 1200 non
2148 1135 2454 1220 procedat
2468 1159 2498 1211 ,·
2540 1135 2660 1199 sed
2693 1136 2758 1200 si
2797 1137 2946 1220 quis

526 1236 724 1301 bonus
748 1236 846 1299 ad
865 1236 1364 1320 aedificationem
1387 1237 1796 1315 necessitatis,
1827 1250 1904 1303 ut
1928 1238 2038 1302 det
2051 1240 2354 1322 gratiam
2382 1239 2810 1306 audientibus.

656 1351 1162 1417 ‘inconueniens
1208 1353 1369 1418 nihil
1431 1374 1554 1418 nos
1606 1356 1909 1439 proloqui
1966 1356 2124 1433 uult,
2174 1358 2289 1420 sed
2345 1357 2561 1441 magis
2614 1357 2728 1422 illa
2769 1378 2948 1441 quae

527 1457 949 1521 audientibus
1002 1468 1156 1522 sunt
1204 1458 1407 1535 utilia,
1455 1480 1626 1542 quae
1675 1469 1743 1522 et
1793 1460 1880 1523 de
1927 1460 2311 1523 necessariis
2360 1461 2577 1524 sciunt
2629 1461 2942 1526 iuuamen

424 1576 503 1623 10
527 1567 862 1639 praestare
885 1579 902 1637 ;
952 1560 1020 1624 in
1059 1559 1299 1643 quibus
1332 1562 1532 1624 etiam
1565 1569 1631 1624 et
1672 1560 1902 1624 laetari
1943 1561 2257 1625 conuenit
2302 1581 2416 1624 eos
2464 1561 2576 1643 qui
2626 1559 2946 1627 audiunt.’

526 1674 595 1729 et
624 1665 803 1747 quod
836 1685 953 1748 per
981 1666 1207 1728 omnia
1237 1685 1351 1728 eos
1381 1664 1592 1747 possit
1620 1665 1706 1727 ad
1740 1664 2175 1728 reuerentiam
2208 1663 2504 1741 inuitare,
2534 1664 2817 1728 adiecit:

655 1825 721 1879 et
754 1816 945 1880 nolite
978 1816 1357 1881 contristare
1388 1815 1720 1899 Spiritum
1754 1826 2048 1880 sanctum
2078 1813 2212 1879 Dei
2245 1814 2317 1879 in
2355 1836 2476 1898 quo
2508 1814 2762 1898 szjgmti
2790 1815 2948 1879 estis

527 1916 603 1981 in
631 1917 736 1981 a'ie
764 1917 1228 1998 redemptionis.

657 2034 813 2098 dein
845 2045 913 2098 et
942 2034 1140 2098 aliam
1174 2034 1428 2099 inducit
1458 2034 1994 2099 exhortationem
2023 2057 2039 2099 x

423 2203 449 2250 1
462 2199 496 2268 5
654 2151 866 2244 omnis
890 2155 1265 2247 amaritado
1290 2192 1355 2246 et
1398 2182 1505 2246 ira
1544 2194 1608 2247 et
1649 2163 2015 2265 indignatio
2059 2191 2122 2245 et
2161 2181 2410 2245 clamor
2447 2190 2511 2244 et
2554 2178 2943 2265 blasphemia

527 2281 800 2345 tollatur
823 2304 867 2345 a
897 2284 1075 2347 uobis
1101 2305 1244 2348 cum
1273 2285 1454 2348 omni
1480 2285 1758 2351 malitia.

657 2406 1128 2488 compendiose
1157 2425 1275 2487 per
1304 2407 1530 2469 omnia
1562 2405 1689 2469 ista
1719 2426 1952 2468 cauere
1984 2424 2105 2467 nos
2135 2402 2279 2466 uult
2310 2403 2396 2466 ab
2427 2402 2584 2468 odio
2617 2403 2730 2468 illo
2760 2404 2939 2486 quod

529 2513 597 2580 in
630 2513 915 2576 inuicem
946 2510 1114 2574 solet
1144 2508 1283 2573 fieri
1309 2530 1326 2588 ;
1372 2520 1640 2593 propter
1671 2510 1850 2593 quod
1884 2517 1951 2572 et
1982 2508 2226 2571 adiecit
2256 2531 2272 2570 ι

658 2674 846 2728 estote
874 2663 944 2727 in
975 2663 1246 2727 inuicem
1278 2660 1550 2744 benig-ni,
1581 2658 2030 2723 misericordes.

419 2808 505 2855 20
661 2797 728 2852 et
786 2786 1102 2870 quoniam
1164 2783 1275 2848 illa
1340 2803 1513 2865 quae
1577 2779 2028 2844 adnascuntur
2099 2798 2300 2863 saepe
2372 2777 2590 2842 solent
2649 2788 2943 2843 mentem

528 2890 818 2955 hominis
848 2888 1241 2953 conturbare
1267 2910 1282 2950 ι

660 3011 969 3096 donantes
996 3029 1174 3095 uobis
1202 3028 1374 3112 ipsis.

661 3150 902 3214 deinde
950 3148 1109 3230 quia
1152 3167 1357 3227 graue
1400 3165 1545 3208 esse
1594 3142 1960 3219 uidebatur,
1991 3150 2067 3204 ut
2115 3141 2170 3203 is
2216 3140 2330 3223 qui
2381 3139 2640 3203 nocitus
2693 3147 2795 3204 est
2847 3159 2944 3203 re-

530 3250 823 3316 mitteret
854 3248 1117 3313 nocenti
1151 3268 1222 3311 se
1248 3271 1261 3310 z

635 3412 656 3447 1
692 3411 885 3447 necess.
920 3394 1078 3444 doctr.
1107 3394 1207 3442 deo
1244 3390 1360 3456 (sor
1393 3392 1552 3441 doctr.
1595 3406 1644 3441 n.
1687 3390 1832 3450 dicit)
1872 3390 1939 3438 H
2175 3402 2238 3437 ro
2268 3386 2455 3437 laetare
2498 3384 2580 3436 C·
2780 3401 2855 3447 n,
2888 3388 2949 3436 18

530 3478 686 3528 adicit
714 3478 759 3525 C
907 3490 965 3536 14
999 3473 1182 3523 deinde
1210 3473 1254 3522 C
1275 3470 1421 3536 (corr)
1452 3470 1461 3537 Ι
1489 3472 1693 3521 inducet
1721 3471 1795 3519 C·
1823 3470 1890 3520 H
2032 3480 2088 3530 17
2122 3476 2177 3518 ut
2202 3466 2300 3532 (afl
2320 3467 2448 3528 uult)
2471 3466 2578 3516 add
2592 3467 2660 3516 H
2679 3464 2689 3533 Ι
2715 3467 2803 3531 qui
2836 3466 2953 3531 (sor

530 3559 690 3625 quod)
719 3559 762 3608 C
781 3557 848 3607 H
1039 3569 1097 3621 19
1125 3555 1183 3603 ‘in
1209 3552 1452 3618 (besinu.)
1475 3569 1553 3602 om
1575 3554 1644 3602 H

603 3701 645 3736 1.
718 3683 971 3748 numquid
1004 3699 1107 3733 non
1134 3687 1432 3747 potestatem,
1471 3680 1586 3742 δια]
1662 3695 1683 3730 1
1787 3684 1942 3727 tators
1964 3675 2062 3725 Th.
2087 3675 2231 3725 reads
2254 3675 2373 3736 πρὸς
2394 3673 2646 3732 οἰκοδομήν
2662 3673 2747 3732 τῆς
2762 3673 2949 3734 χρείας,

533 3770 650 3819 Cor.
675 3768 741 3816 ix.
767 3765 896 3829 4-6
914 3764 999 3828 (μὴ
1015 3767 1106 3815 ,οὐκ
1129 3767 1303 3827 ἔχομεν
1323 3762 1691 3824 ἐξοωίαν...τοΰ
1786 3757 2136 3822 interpreting:
2197 3762 2277 3805 ‘to
2321 3754 2460 3804 build
2506 3771 2575 3819 up
2620 3755 2705 3803 the
2749 3754 2950 3805 hearers

530 3851 599 3911 μὴ
620 3849 976 3912 έργαζεσθαις).
1787 3841 2055 3905 according
2075 3856 2131 3889 as
2152 3840 2271 3902 they
2292 3839 2420 3888 have
2442 3836 2605 3888 need.’
2651 3837 2729 3887 Cf.
2754 3837 2909 3888 Thdt.
2934 3856 2949 3888 ι

597 3949 642 3996 3.
699 3931 991 3996 frequenter
1053 3929 1158 3978 uid.
1226 3928 1330 3977 soll.
1397 3926 1686 3991 impendere]
1788 3924 1868 3972 καὶ
1906 3924 2073 3970 τοῦτον
2109 3922 2159 3969 δὲ
2194 3920 2281 3982 [sc.
2323 3921 2407 3995 ror
2446 3919 2630 3981 ἀγαθὸν
2660 3917 2831 3980 λόγων]
2869 3919 2953 3970 elz

534 4016 614 4066 Cf.
638 4030 759 4077 e.g.,
788 4012 904 4063 Gal.
939 4012 989 4060 ii.
1031 4025 1114 4061 10:
1148 4011 1218 4059 vi.
1254 4009 1442 4070 6—1o;
1475 4009 1576 4059 and
1601 4008 1686 4058 the
1789 4004 1996 4065 καιρὸν
2020 4004 2310 4064 προσφέρειν
2334 4002 2533 4051 κελεύει.

530 4096 713 4158 charge
736 4102 788 4143 to
820 4094 902 4142 the
939 4092 1191 4159 Ephesian
1225 4092 1408 4154 clergy,
1444 4091 1569 4140 Acts
1602 4106 1686 4139 xx.
1860 4101 1935 4137 10.
2004 4086 2063 4133 in
2110 4084 2441 4150 quibus-...qui
2488 4079 2728 4143 audiunt]
2815 4080 2948 4131 Lan-

534 4191 593 4241 35
643 4176 928 4238 (κοπιῶντας
982 4173 1054 4221 δεῖ
1107 4172 1550 4234 ἀντιλαμβάνεσθαι
1592 4171 1689 4218 τῶν
1788 4169 1946 4219 franc.

535 4256 892 4317 ἀσθενούντων).
1855 4265 1936 4312 23.
2003 4249 2193 4298 nocitus
2212 4255 2295 4308 est,
2325 4248 2517 4298 nocenti
2532 4248 2598 4310 se]
2667 4249 2764 4299 See
2785 4265 2836 4315 p.
2860 4249 2946 4312 67,

602 4351 649 4401 7.
714 4338 786 4387 ad
818 4336 963 4401 aedifi
1005 4333 1309 4395 necessitatis]
1391 4335 1686 4399 Opportuni-
1788 4331 1821 4381 1.
1855 4347 1900 4388 2,
1925 4337 2058 4380 note.
2131 4328 2379 4379 Lanfranc
2413 4329 2535 4378 cites
2567 4330 2665 4379 this
2699 4338 2948 4388 sentence,

534 4421 666 4477 tates,
692 4419 922 4477 Hieron„
953 4417 1082 4467 Cod.
1106 4416 1320 4474 Amiat.;
1348 4416 1488 4478 fidei,
1518 4415 1582 4465 O.
1605 4416 1686 4473 L.,
1787 4416 1876 4464 but
1899 4415 2120 4479 replaces
2150 4414 2196 4464 is
2224 4413 2315 4478 qui
2333 4415 2521 4464 nocuus
2539 4420 2609 4464 est
2629 4413 2697 4477 by
2718 4428 2749 4463 a
2769 4413 2953 4477 simple

535 4498 798 4564 Vulgflm·
865 4498 1007 4547 with
1031 4497 1116 4546 the
1139 4497 1283 4546 other
1304 4496 1402 4546 Gk.
1434 4511 1684 4546 commen·
1787 4499 1913 4560 qm's.
