3293 5233
352 396 434 463 V.
466 398 773 485 26—29.]
1161 412 1246 465 m
1293 414 1398 468 ΕΡ.
1443 415 1547 466 AD
1594 415 1964 469 EPHEsms.
2645 406 2760 485 185

355 601 511 664 erga
542 603 654 647 eas
684 583 1058 661 ostendant,
1094 583 1427 650 instruxit.
1517 584 1749 649 ‘talem
1776 584 2040 668 (inquit)
2075 592 2143 649 et
2174 605 2294 648 uos
2325 605 2483 669 erga
2513 597 2769 652 uestras

356 705 600 749 uxores
641 687 886 752 iustum
929 697 1030 751 est
1066 687 1416 752 ostendere
1460 688 1828 764 caritatem,
1875 687 2142 770 qualern
2175 697 2243 752 et
2277 686 2580 753 Christus
2611 710 2769 773 erga

356 788 701 853 ecclesiam
756 790 1083 855 ostendit.'
1173 792 1352 855 unde
1398 799 1466 855 et
1502 791 1799 854 caritatis
1837 791 2082 854 indicia
2130 790 2328 854 latius
2380 791 2447 855 in
2503 792 2770 858 Christo

355 895 587 960 nititur
615 895 952 977 publicare
982 895 1249 958 dicens:

484 1071 561 1122 ut
595 1059 778 1122 illam
821 1059 1181 1143 sancttficet,
1228 1059 1556 1125 mundans
1582 1070 1711 1143 per
1746 1061 2082 1125 lauacrum
2113 1084 2318 1145 aquae
2347 1062 2417 1127 in
2445 1085 2731 1129 sermone
2739 1088 2771 1141 ,·
2846 1078 2877 1146 5

354 1168 431 1221 ut
466 1159 754 1224 exhibeat
788 1182 928 1225 eam
964 1161 1095 1226 sibi
1136 1163 1262 1244 ipsi
1287 1162 1643 1246 gloriosam
1673 1163 2008 1238 ecclesiam,
2042 1185 2167 1227 non
2195 1163 2523 1229 habentem
2555 1186 2768 1229 macu-

354 1265 488 1328 lam
517 1275 638 1329 aut
666 1286 900 1348 rugam
932 1276 1052 1329 aut
1077 1265 1337 1348 aliquid
1357 1266 1603 1342 horum,
1634 1265 1753 1329 sed
1775 1277 1851 1330 ut
1873 1266 1967 1330 sit
1989 1278 2215 1331 sancta
2242 1279 2304 1331 et
2333 1269 2770 1335 immaculata.

486 1391 613 1454 hoc
660 1413 793 1455 non
841 1392 1054 1455 solum
1089 1394 1382 1456 caritatis
1416 1393 1659 1458 Christi
1693 1393 2078 1457 continebat
2108 1395 2785 1474 demonstrationem,-

356 1494 473 1557 sed
513 1504 582 1558 et
617 1497 702 1558 ad
742 1497 1182 1559 eruditionem
1230 1496 1358 1559 illis
1411 1493 1815 1578 proficiebat,
1866 1506 1942 1560 ut
1989 1497 2400 1561 custodirent
2449 1499 2770 1562 uxoribus

357 1595 492 1656 suis
542 1596 856 1677 nuptialis
904 1598 1347 1661 conscientiae
1399 1598 1632 1661 foedus
1645 1615 1663 1674 3
1724 1618 1804 1660 eo
1858 1598 2036 1679 quod
2089 1599 2183 1661 sic
2233 1619 2347 1661 eos
2400 1599 2769 1682 conligatos
2804 1617 2884 1666 10

358 1719 501 1762 esse
562 1720 719 1782 erga
778 1722 1022 1764 uxores
1081 1702 1376 1765 caritatis
1443 1701 1612 1764 ratio
1679 1700 2167 1782 depostulabat,
2237 1702 2406 1765 sicut
2469 1703 2771 1767 Christus

358 1799 703 1862 ecclesiam
744 1801 1256 1865 sibi.coniunxit
1289 1804 1380 1865 ita
1413 1811 1485 1865 ut
1518 1820 1884 1883 numquam
1917 1823 2031 1865 eos
2063 1804 2175 1883 qui
2208 1803 2275 1866 in
2307 1803 2583 1867 ecclesia
2614 1815 2772 1870 sunt

358 1905 700 1988 relinquat,
733 1927 942 1988 usque
972 1907 1133 1970 dum
1166 1906 1475 1969 affectum
1510 1925 1668 1987 erga
1699 1924 1852 1969 eum
1885 1905 2218 1988 integrum
2251 1907 2460 1971 uelint
2490 1928 2768 1973 seruare.

489 2008 665 2070 unde
695 2008 971 2071 adiecit:

484 2177 580 2242 sic
605 2178 827 2244 debent
854 2178 995 2242 uiri
1020 2178 1290 2262 dilegere
1316 2200 1472 2242 suas
1501 2199 1728 2241 uxores
1754 2177 1923 2242 sicut
1946 2199 2069 2241 sua
2099 2188 2374 2261 corpora.
2802 2189 2874 2258 15

488 2306 614 2370 hoc
655 2316 773 2382 est,
823 2307 946 2369 ‘sic
992 2305 1296 2371 Christus
1344 2305 1692 2368 ecclesiam
1742 2304 1977 2386 diligit,
2027 2305 2197 2369 sicut
2247 2326 2485 2388 corpus
2538 2308 2767 2373 suum.’

355 2408 598 2472 deinde
629 2430 716 2472 ex
748 2409 892 2490 ipsa
930 2407 1363 2471 similitudine
1403 2409 1606 2471 etiam
1646 2408 1730 2470 ad
1771 2408 2096 2470 rationem
2147 2418 2421 2472 naturae
2465 2410 2770 2486 decurrit,

355 2511 714 2574 ostendens
745 2510 1059 2593 quoniam
1094 2510 1237 2592 ipsa
1268 2509 1436 2572 ratio
1468 2509 1594 2571 illis
1626 2518 2005 2590 competere
2049 2509 2354 2571 uideatur
2400 2511 2766 2574 secundum

354 2613 786 2698 principalem
819 2613 1345 2697 opificationem:
1470 2611 1475 2616 ’

481 2775 598 2856 qui
623 2775 849 2856 dilzgrit
873 2794 1061 2836 suam
1093 2794 1367 2848 uxorem,
1391 2793 1456 2835 se
1476 2772 1683 2855 ipsum
1703 2771 1966 2854 affigit,-
2000 2792 2177 2834 nemo
2206 2770 2380 2834 enim
2412 2772 2767 2855 aliquando
2795 2791 2881 2841 20

350 2896 540 2937 suam
568 2896 824 2937 carnem
854 2874 998 2937 odio
1026 2873 1267 2949 habuit,
1301 2872 1419 2935 sed
1441 2873 1659 2936 nutrit
1683 2883 1747 2935 et
1756 2874 1951 2955 fouet
1975 2892 2136 2936 eam.

485 3021 557 3074 ut
599 3011 778 3073 dicat
815 3010 1128 3091 quoniam
1175 3012 1560 3072 ‘secundum
1609 3011 1892 3091 primam
1925 3009 2415 3090 opificationem
2450 3031 2581 3073 una
2613 3032 2766 3075 caro

354 3123 493 3175 erat
520 3113 809 3175 mulieris
835 3124 899 3176 et
926 3114 1081 3190 uiri;
1126 3133 1204 3175 eo
1231 3111 1408 3193 quod
1443 3121 1510 3174 et
1542 3111 1777 3174 mulier
1807 3111 2024 3191 portio
2057 3111 2275 3172 mariti
2309 3121 2465 3173 erat.
2544 3113 2767 3193 itaque

353 3214 616 3295 qualem
650 3214 1138 3277 solicitudinem
1174 3213 1276 3276 uel
1310 3213 1723 3295 diligentiam
1757 3232 1913 3293 erga
1945 3212 2282 3294 proprium
2315 3232 2552 3293 corpus
2577 3212 2765 3274 exhi-

353 3318 604 3391 bemu5‚
650 3317 852 3379 talem
898 3318 1187 3380 iustitiae
1230 3318 1397 3378 ratio
1440 3316 1734 3398 postulat
1767 3326 1840 3378 ut
1872 3316 1991 3377 uiri
2027 3336 2184 3397 erga
2214 3337 2366 3378 suas
2399 3316 2766 3380 exhibeant
2793 3328 2830 3375 2
2839 3327 2871 3394 5

354 3416 635 3482 uxoreS.'
706 3429 772 3480 et
814 3419 1263 3501 complectens
1308 3418 1694 3499 exemplum
1743 3417 1900 3480 illud
1933 3418 2112 3499 quod
2146 3419 2509 3480 secundum
2546 3418 2764 3482 Chris-

355 3529 497 3581 tum
532 3530 648 3594 est,
683 3521 966 3583 adiecit:

458 3721 475 3754 1
548 3706 764 3755 ostendit
794 3706 836 3754 C
847 3703 875 3728 ¹*
1093 3703 1124 3753 6
1159 3720 1269 3753 eam
1292 3721 1369 3752 om
1396 3704 1464 3753 H
1680 3705 1711 3752 8
1745 3704 1810 3752 ad
1836 3700 2070 3767 (bescar.)
2094 3703 2199 3751 add
2220 3704 2264 3752 C
2283 3705 2432 3763 (corr)
2651 3722 2684 3771 9
2716 3712 2765 3754 et

349 3800 427 3833 om
452 3785 517 3833 H
540 3783 547 3848 Ι
576 3786 846 3835 custodiret
875 3786 917 3834 C
926 3784 953 3809 ⁴*
1126 3800 1201 3848 14,
1239 3798 1297 3849 27
1334 3786 1485 3835 adicit
1515 3786 1560 3833 C
1732 3799 1788 3833 αι
1829 3785 1953 3833 fouit
1982 3784 2026 3832 C
2044 3784 2109 3831 Il
2297 3800 2357 3848 23
2394 3785 2566 3834 sortior
2589 3787 2769 3835 marito

352 3867 468 3932 (sbr
490 3867 653 3933 portio
676 3866 859 3926 mariti)
884 3866 950 3914 H

419 4047 462 4095 5.
537 4034 591 4083 in
644 4033 879 4094 sermone]
965 4034 1119 4098 Vulg.
1168 4036 1265 4083 and
1314 4033 1377 4083 Ο.
1423 4035 1500 4095 1,.,
1608 4034 1771 4082 words
1795 4033 1853 4081 of
1872 4032 2117 4096 Baptism:
2157 4032 2260 4079 ἀντὶ
2286 4027 2368 4081 τοῦ
2399 4033 2462 4080 εἰς
2493 4030 2639 4090 ὄνομα
2668 4050 2760 4080 πα-

349 4117 406 4165 in
444 4118 600 4165 uerbo.
670 4117 777 4165 Our
815 4116 1078 4165 translator
1113 4118 1322 4166 chooses
1358 4133 1510 4165 sermo
1607 4117 1742 4177 τέρος
1764 4117 1844 4163 καὶ
1868 4114 1969 4163 υἱοῦ
1991 4116 2072 4162 καὶ
2096 4115 2238 4175 ἁγίου
2261 4116 2541 4171 πνεύματος.

351 4205 405 4246 to
439 4206 688 4260 represent
721 4196 851 4257 ῥῆμα
873 4197 1018 4259 again
1049 4198 1099 4245 in
1127 4214 1169 4246 c.
1201 4200 1264 4247 vi.
1302 4209 1376 4257 17.
1446 4197 1506 4244 In
1676 4210 1755 4259 23.
1792 4197 1958 4259 portio
1982 4197 2180 4257 mariti]
2230 4195 2307 4244 Cf.
2335 4196 2607 4244 Ambrstr.:
2635 4199 2764 4243 “na-

351 4279 435 4328 the
458 4279 604 4327 latter
626 4293 833 4341 passage
848 4277 942 4327 Th.
969 4277 1231 4342 interprets
1246 4279 1373 4340 ῥῆμα
1390 4294 1499 4326 as=
1610 4279 1756 4326 turali
1781 4278 1971 4327 ratione
2006 4278 2183 4327 mulier
2217 4278 2382 4342 portio
2417 4278 2637 4341 corporis
2670 4278 2764 4327 uiri

349 4362 583 4423 ἐνέργεια,
619 4361 718 4407 and
753 4360 998 4424 probably
1039 4361 1136 4409 this
1174 4361 1215 4409 is
1250 4362 1333 4409 the
1366 4376 1508 4410 sense
1610 4368 1699 4413 est,
1742 4375 1799 4407 ac
1841 4375 1927 4423 per
1965 4359 2063 4407 hoc
2103 4359 2177 4407 uir
2215 4358 2264 4407 in
2301 4359 2507 4408 muliere
2547 4359 2766 4423 seipsum

350 4441 414 4489 he
445 4440 610 4488 would
646 4440 812 4488 attach
847 4448 899 4488 to
932 4440 969 4488 it
1004 4440 1137 4489 here.
1208 4441 1381 4503 Chrys.
1409 4441 1507 4488 and
1609 4439 1823 4505 diligit.'’

351 4519 502 4570 Thdt.
536 4520 658 4568 both
688 4521 992 4569 understand
1029 4522 1078 4569 in
1114 4521 1212 4570 this
1247 4521 1388 4585 place
1424 4520 1507 4570 the
