3293 5233
569 388 692 454 194

1229 381 1688 434 THEODORUS
1734 380 2217 434 MOPSUESTEN
2228 381 2316 434 US

2512 367 2601 451 [V
2605 369 2660 433 1.
2702 371 2971 432 18-22,

559 556 853 639 positum
885 564 987 619 est
1016 553 1421 636 frequenter:
1463 574 1671 617 sermo
1706 551 1981 617 Domini
2005 553 2356 635 quifactus
2381 563 2514 631 est,·
2559 564 2661 619 et:
2703 555 2973 619 uerbum

556 658 838 722 Domini
863 657 1304 741 quodfactum
1333 666 1441 732 est,
1465 655 1594 720 hoc
1624 665 1743 732 est,
1771 656 2111 720 ‘reuelatio
2143 655 2256 720 illa
2285 679 2457 739 quae
2487 659 2853 722 secundum
2875 659 2972 722 in-

557 763 1012 844 operationem
1052 761 1181 823 Dei
1213 770 1313 847 est
1346 760 1550 823 menti
1596 760 1951 841 impressa.'
2027 768 2094 823 et
2123 759 2252 822 hoc
2282 761 2347 823 in
2382 761 2528 824 loco
2561 762 2690 824 Dei
2723 783 2970 826 sermo-

558 883 712 926 nem
762 862 1047 945 Spiritus
1078 863 1536 943 operationem
1569 882 1714 924 esse
1745 859 2067 938 uocauit?
2100 861 2296 924 simul
2331 863 2533 925 etiam
2571 872 2638 926 et
2683 863 2971 945 Spiritus

490 974 525 1043 5
558 964 953 1046 dignitatem
1025 963 1405 1027 ostendens,

1520 984 1643 1026 nec
1706 964 1883 1026 enim
1946 963 2076 1026 Dei
2137 964 2437 1045 operatio
2497 964 2621 1027 erit
2683 963 2972 1045 Spiritus

556 1070 871 1153 operatio,
914 1070 967 1131 si
1010 1089 1144 1132 non
1195 1069 1374 1131 idem
1430 1068 1718 1150 Spiritus
1768 1069 2055 1149 primum
2105 1067 2191 1129 sit
2234 1066 2440 1130 DeuS.

2531 1065 2728 1129 simul
2764 1066 2969 1129 etiam

556 1172 746 1254 quasi
801 1191 1121 1254 magnum
1171 1170 1440 1252 aliquod
1492 1170 1743 1233 bonum
1799 1189 1941 1232 esse
1994 1168 2353 1231 ostendens
2415 1168 2619 1249 ipsius
2682 1166 2970 1249 Spiritus

555 1275 1157 1359 participationem.

1247 1284 1316 1338 et
1346 1283 1499 1356 post
1531 1272 1898 1355 plenariam
1931 1271 2469 1335 exhortationem
2502 1270 2775 1334 adiecit:

670 1421 797 1491 per
823 1430 1071 1474 omnem
1113 1409 1466 1472 orationem
1499 1419 1562 1471 et
1586 1407 2069 1471 obsecrationem
2100 1416 2355 1469 orantes
2384 1405 2456 1468 in
2483 1405 2664 1468 omni
2703 1414 2976 1486 tempore

454 1527 534 1574 10
556 1509 630 1575 in
663 1511 924 1593 Spiritu
932 1534 963 1586 ,·
1007 1520 1070 1575 et
1099 1510 1170 1573 in
1200 1511 1330 1592 ipso
1360 1511 1712 1593 uigilantes
1741 1510 1811 1572 in
1842 1509 2021 1572 omni
2049 1507 2433 1571 assiduitate
2460 1518 2522 1571 et
2546 1506 2832 1570 oratione
2843 1517 2974 1588 pro

554 1613 849 1678 omnibus
884 1613 1140 1676 sanctis.
1227 1622 1291 1675 et
1311 1622 1439 1693 pro
1480 1633 1593 1688 me,
1627 1622 1703 1675 ut
1730 1613 1919 1674 detur
1950 1610 2118 1673 milzi
2151 1631 2358 1673 sermo
2389 1611 2459 1672 in
2489 1608 2809 1690 apertione
2836 1608 2973 1670 oris

554 1715 685 1779 mei
706 1716 776 1779 in
788 1715 1045 1799 fiducia
1077 1725 1296 1777 notum
1311 1715 1538 1796 facere
1558 1715 1932 1795 mysterium
1954 1711 2289 1795 euangelii,
2306 1722 2434 1793 pro
2456 1732 2577 1794 quo
2595 1707 2972 1792 legationem

534 1821 800 1904 fungor
820 1820 891 1884 in
912 1820 1166 1896 catenis,
1189 1828 1265 1881 ut
1291 1819 1361 1882 in
1394 1819 1524 1900 ipso
1536 1817 1949 1901 fiducialiter
1975 1837 2172 1899 agam
2188 1825 2392 1897 prout
2403 1823 2643 1896 oportet
2663 1835 2760 1875 me
2781 1812 2971 1894 loqui.

685 1941 1022 2022 praecepit
1054 1938 1179 2001 illis
1212 1938 1654 2001 intentissime
1685 1958 1872 2000 orare
1903 1957 2024 2019 pro
2056 1958 2142 2012 se,
2168 1936 2261 1999 ita
2292 1946 2366 1998 ut
2397 1934 2662 1997 eueniat
2692 1933 2783 1997 illi
2817 1952 2969 1996 cum

452 2047 524 2115 15
558 2041 800 2107 fiducia
830 2043 1209 2126 praedicare
1241 2043 1577 2125 pietatem.
1654 2051 1722 2104 et
1752 2040 2020 2104 adiecit:

686 2188 762 2241 ut
817 2187 1031 2239 antem
1090 2176 1315 2238 sciatis
1370 2186 1433 2238 et
1488 2196 1601 2238 uos
1660 2175 1780 2237 illa
1826 2193 1988 2255 quae
2036 2193 2193 2254 erga
2243 2192 2340 2234 me
2396 2181 2565 2247 sunt,
2613 2169 2781 2251 quid
2830 2189 2970 2252 ago,

554 2278 775 2341 omnia
840 2277 1020 2340 nobis
1079 2288 1228 2339 nota
1276 2277 1489 2358 faciet
1556 2276 1875 2356 melliens,
1936 2274 2318 2338 carissimus
2358 2273 2592 2354 frater
2613 2345 2620 2352 l
2645 2281 2707 2333 et
2745 2271 2975 2353 fidelis

555 2380 857 2444 minister
884 2380 954 2441 in
985 2378 1283 2441 Domino.
1358 2400 1539 2460 quem
1574 2378 1732 2441 misi
1758 2377 1936 2441 uobis
1965 2378 2036 2439 in
2066 2377 2178 2438 lcoc
2205 2376 2429 2456 ipsum,
2463 2382 2540 2435 nt
2563 2372 2786 2435 sciatis·
2812 2393 2975 2454 quae

555 2484 633 2547 de
660 2484 838 2548 nobis
864 2491 1031 2560 sunt,
1063 2493 1129 2546 et
1154 2491 1229 2544 ut
1247 2483 1642 2545 consolentur
1668 2481 1861 2544 corda
1892 2489 2107 2543 nestra
2138 2479 2211 2541 in
2240 2477 2536 2540 Domina

446 2668 532 2717 20
556 2647 740 2734 παρὰ
763 2650 895 2722 τοῖς
922 2646 1289 2734 προφήταις
1320 2650 1526 2711 κεῖται
1556 2646 1844 2734 συνεχῶς
1873 2643 1948 2709 τὸ
1983 2646 2146 2729 ῥῆμα
2175 2645 2287 2718 ro?
2317 2643 2463 2717 66οῨ
2491 2642 2529 2706 ὅ
2559 2641 2830 2719 ἐΓέΝετο,
2864 2637 2974 2704 καὶ

558 2755 740 2825 Adi-oc
794 2748 996 2838 κγΡιόγ
1046 2753 1117 2815 ὅσ
1164 2750 1433 2825 ‹is-emero,
1466 2746 1611 2813 ἀντὶ
1664 2749 1777 2812 τοῦ
1822 2744 1899 2827 (ἦ
1933 2742 2362 2830 ἀποκάλυψις
2400 2741 2439 2823 ἦ
2480 2740 2621 2808 κατ’
2654 2740 2975 2828 ε’νέρτγειαν

555 2858 672 2920 τοῦ
741 2854 888 2920 θεοῦ
961 2854 1459 2920 ἐναποτεθεῖσα.’

555 2955 921 3042 πνεύματος
952 2957 1264 3022 ἐκάλεσεν
1293 2955 1632 3042 ἐνέργειαν.

1567 2849 1901 2917 κάνταῦθα
1972 2848 2188 2915 τοίνυν
2248 2850 2395 2924 fleo?
2457 2849 2619 2932 ῥῆμα
2680 2844 2796 2925 τὴν
2854 2846 2969 2910 τοῦ

650 3116 669 3149 1
697 3108 961 3164 sequenter
983 3097 1127 3163 C*(?)
1198 3114 1225 3147 α
1253 3097 1351 3146 Dei
1371 3097 1414 3147 C
1478 3113 1506 3160 3
1530 3096 1874 3160 operationem
1891 3095 2004 3160 (sor
2018 3093 2185 3160 serm.)
2207 3094 2315 3144 CH
2323 3109 2335 3141 :
2360 3101 2438 3142 txt
2450 3108 2493 3158 g
2554 3112 2585 3154 4
2607 3100 2812 3141 uocatur
2834 3090 2984 3140 C*H

560 3195 586 3245 7
621 3183 811 3246 aliquid
839 3184 884 3231 C
902 3184 1051 3243 (corr)
1216 3182 1264 3238 8,
1295 3194 1350 3242 15
1387 3180 1540 3228 adicit
1569 3180 1612 3228 C

555 3262 764 3325 catenis)
794 3263 899 3311 CH
1016 3272 1071 3323 17
1108 3260 1276 3309 titicus
1305 3261 1349 3309 C
1370 3258 1518 3320 (corr)
1536 3257 1636 3319 [(1ἰ
1649 3257 1691 3318 ?]

622 3374 671 3424 6.
737 3376 786 3424 si
825 3392 926 3425 non
973 3376 1098 3424 idem
1145 3375 1364 3438 Spiritus
1387 3375 1617 3437 primum
1653 3374 1719 3422 sit

557 3454 717 3515 Deus]
783 3454 856 3503 cf.
887 3454 973 3503 the
996 3454 1329 3502 Theodorean
1357 3453 1597 3502 ecthesis:
1634 3456 1716 3502 καὶ

559 3535 889 3596 [πιστεύομεν]
936 3537 1004 3584 είς
1041 3534 1099 3582 τὸ
1135 3533 1319 3593 πνεῦμα.
1365 3536 1415 3583 δὲ
1460 3534 1517 3582 τὸ
1554 3536 1709 3596 ἅγιον,

561 3618 615 3665 ἐκ
658 3619 745 3676 τῆς
791 3615 901 3664 θεοῦ
945 3616 1191 3677 τυγχάνον
1235 3616 1414 3672 οὐσίας,
1462 3618 1553 3677 οὐχ
1599 3615 1713 3674 υἱόν,

560 3694 670 3744 θεὸν
719 3696 770 3745 δὲ
824 3695 943 3744 ὄντα
997 3695 1066 3757 τῇ
1115 3692 1270 3756 οὐσίᾳ,
1328 3695 1387 3745 ὡς
1431 3695 1609 3755 ἐκείνης
1665 3693 1718 3743 ὃν

557 3778 645 3837 τῆς
674 3774 836 3827 οὐσίας
871 3775 1032 3839 ἧσπέρ
1070 3778 1201 3825 ἐστιν
1232 3777 1257 3825 ὁ
1287 3774 1391 3825 θεὸς
1421 3779 1500 3826 καὶ
1531 3777 1712 3837 πατήρ,

559 3862 613 3922 ἐξ
652 3859 801 3923 οὗπερ
841 3861 947 3932 κοτ’
989 3859 1157 3909 οὐσίαν
1197 3861 1342 3910 ἐστίν.
1415 3860 1511 3908 Th.
1559 3868 1716 3908 wrote

558 3957 641 4007 ag.
686 3942 772 3992 the
827 3940 1270 3991 Pneumatomaehi
1286 3956 1302 3999 3
1348 3940 1409 3990 cf.
1465 3941 1715 3989 Ebediesu

559 4039 644 4090 ap.
675 4024 941 4073 Assemani
974 4023 1102 4084 (bibl.
1140 4025 1309 4071 orient.
1338 4036 1423 4072 111.
1451 4023 1480 4073 i.
1523 4039 1574 4087 p.
1611 4024 1710 4086 35),

560 4108 739 4157 Leont.
768 4107 827 4156 de
843 4113 946 4157 sect.
976 4106 1039 4156 iv.
1071 4106 1358 4168 (Fritzsche,
1389 4122 1444 4171 p.
1476 4104 1600 4170 101).

631 4223 706 4258 ιο.
772 4207 921 4256 assid-
967 4213 1014 4257 et
1064 4205 1305 4267 oratione]
1361 4205 1535 4270 Vulg.,
1592 4206 1715 4254 “in-

559 4290 742 4340 stantia
765 4298 814 4340 et
838 4286 1234 4339 obseruatione.''

631 4401 704 4449 13.
762 4386 817 4434 in
842 4386 1045 4449 catenis]
1080 4387 1143 4436 O.
1163 4388 1221 4436 L.
1252 4388 1351 4436 and
1375 4387 1545 4450 vulg„
1561 4387 1616 4435 in
1639 4403 1717 4434 ca·

559 4480 672 4522 tona
683 4488 705 4532 ,·
727 4488 783 4522 so
799 4473 884 4522 the
904 4472 1004 4522 Gk.
1025 4472 1098 4531 (ἐν
1115 4468 1322 4530 ἁλύσει).
1362 4470 1473 4519 The
1495 4469 1711 4529 Peshito‚

1778 3195 1833 3228 η
1869 3178 2121 3242 legatione
2149 3177 2192 3226 C
2214 3174 2361 3238 (corr)

2531 3189 2589 3236 13
2623 3172 2839 3223 aeternis
2864 3172 2978 3236 (jor

1818 3261 1875 3307 18
1911 3258 2021 3307 misi
2046 3257 2109 3306 ad
2133 3272 2224 3305 uos
2252 3257 2296 3305 C
2414 3272 2472 3305 22
2510 3256 2859 3305 εὐαποτεθεῖσα
2881 3257 2970 3306 Cr.

1817 3374 2053 3423 however
2093 3372 2346 3431 (followed
2390 3372 2459 3434 by
2490 3370 2576 3420 the
2616 3371 2766 3434 Copt.
2811 3371 2966 3421 Goth.

1818 3456 1919 3504 and
1940 3456 2145 3504 Armen.
2166 3453 2404 3511 versions‚
2424 3467 2506 3501 see
2523 3451 2731 3500 Enieott
2744 3451 2815 3498 ad
2826 3450 2874 3498 h.
2892 3451 2972 3513 L),

1817 3553 1910 3603 has
1940 3554 2025 3603 the
2056 3554 2126 3617 pl.
2168 3523 2615 3635 (feodiis-w).
2692 3549 2787 3598 See
2810 3564 2889 3596 vv.
2913 3546 2967 3597 11.

1821 3653 1897 3702 for
1942 3653 2026 3702 the
2073 3654 2270 3703 curious
2313 3669 2448 3701 error
2492 3653 2656 3701 which
2711 3653 2836 3701 both
2886 3668 2978 3701 our

1822 3735 1975 3784 MSS.
2022 3735 2149 3783 have
2194 3735 2438 3799 probably
2482 3734 2730 3784 inherited
2772 3734 2901 3783 from
2946 3749 2988 3781 a-

1819 3832 2052 3865 common
2077 3833 2264 3866 source.

1885 3904 1942 3945 ut
1963 3896 2272 3961 fiducialiter
2298 3895 2467 3961 agam]
2536 3897 2585 3945 A
2618 3895 2832 3960 happier
2865 3910 2977 3943 ren·

1820 3976 1998 4039 dering
2044 3975 2103 4024 of
2142 3976 2219 4023 ἵνα
2264 3974 2669 4036 παρρησιάσωμαι
2717 3973 2839 4021 than
2890 3973 2977 4021 the

1821 4056 1971 4119 Vulg.
2034 4063 2093 4105 ut
2142 4056 2365 4105 audeam.
2447 4056 2632 4119 Comp.
2692 4054 2972 4104 Ambrstr.:

1829 4140 1861 4163 ‘⁸
1882 4146 1933 4187 ut
1958 4147 2125 4189 exerta
2146 4139 2375 4188 libertate
2400 4136 2562 4188 utar.”

1893 4219 1964 4271 16.
2037 4236 2162 4283 quae
2181 4237 2294 4282 erga
2320 4236 2395 4268 me
2414 4220 2556 4281 sunt]
2621 4219 2686 4267 τὰ
2724 4214 2830 4267 κατ’
2867 4214 2970 4277 ἐμέ.

1823 4304 1903 4352 Cf.
1934 4321 1981 4368 p.
2015 4317 2060 4364 2,
2089 4302 2121 4353 1.
2155 4317 2233 4364 23,
2262 4310 2396 4351 note.

1894 4401 1967 4452 19.
2036 4393 2094 4434 ut
2119 4382 2449 4448 consolentur]
2517 4384 2595 4433 Cf.
2623 4385 2687 4433 O.
2709 4384 2769 4432 L.
2795 4382 2975 4441 (Saba-

1821 4465 1964 4530 tier):
2019 4469 2117 4516 “ut
2163 4467 2484 4517 exhortentur
2534 4465 2687 4514 corda
2736 4460 2976 4521 uestra;’‘
