3293 5233
612 318 739 381 230

1238 311 1694 362 THEODORUS
1743 309 2325 362 MOPSUESTENUS

2776 273 3032 380 [111.1.

740 484 1093 547 obsecrans
1143 502 1258 545 eos
1303 490 1379 544 ut
1429 479 1795 564 suscipiant
1840 500 1993 544 eum
2048 479 2346 557 libenter,
2393 489 2461 543 et
2506 480 2855 544 consilium
2904 481 3031 545 illis

612 589 745 664 dat,
781 596 853 650 ut
885 587 968 650 ad
1002 586 1275 669 plenum
1308 586 1374 647 in
1405 585 1658 648 honore
1688 584 1981 648 habeant
2012 605 2127 648 eos
2156 585 2269 667 qui
2302 584 2470 649 tales
2501 595 2671 649 sunt.
2730 586 3032 649 ostendit

612 699 837 752 autem
886 689 1202 770 quoniam
1251 708 1410 750 uera
1458 687 1714 750 ratione
1761 688 2006 769 dignus
2051 686 2138 749 sit
2182 687 2433 749 honore
2493 685 2672 768 apud
2721 705 2854 761 eOS,
2906 690 3032 748 ‘ex

611 792 852 875 quibus
902 790 1118 872 (dicit)
1171 789 1352 872 quod
1415 790 1890 854 ministrauerit
1942 800 2200 853 uestrae
2252 789 2599 864 uoluntati,
2663 799 3032 872 apportans

550 907 578 971 5
614 893 723 955 illa
754 913 927 973 quae
960 892 1120 953 mihi
1154 913 1193 954 a
1225 891 1416 955 uobis
1448 893 1651 955 missa
1692 901 1864 967 sunt,
1895 892 1963 954 in
1996 902 2257 955 tantum
2292 890 2595 954 inciderit
2626 888 3032 972 periculum.’

608 1005 762 1074 opus
800 994 1072 1074 quidem
1104 993 1383 1056 Domini
1418 994 1855 1057 ministerium
1890 995 2106 1076 ipsum
2151 1013 2435 1070 uocans;
2482 993 3031 1075 supplementum

611 1116 767 1159 uero
821 1116 1049 1159 eorum
1093 1097 1547 1159 minorationis
1585 1099 1668 1160 ad
1703 1118 1897 1160 suum
1944 1098 2336 1179 obsequium
2382 1098 2508 1161 hoc
2549 1098 2724 1161 idem
2757 1117 3030 1175 uocans,

611 1198 706 1261 ita
765 1207 840 1261 ut
893 1199 1234 1281 cupientes
1295 1201 1558 1262 mittere
1612 1199 1745 1277 illa,
1796 1221 1968 1281 quae
2028 1201 2114 1262 ad
2177 1220 2332 1262 usus
2392 1210 2581 1263 erant
2638 1199 3029 1271 necessaria,
3085 1210 3095 1220 ’

613 1301 886 1364 minime
947 1301 1261 1378 ualerent,
1323 1324 1403 1365 eo
1463 1305 1643 1384 quod
1709 1305 2157 1385 unusquisque
2217 1324 2651 1386 quaecunque
2712 1303 2805 1366 illi
2867 1303 3032 1366 dare

512 1429 588 1475 10
614 1404 960 1468 uoluerant
1002 1425 1121 1487 per
1162 1426 1233 1468 se
1278 1405 1564 1489 perferre
1612 1426 1747 1468 non
1794 1418 2120 1489 poterant.

2210 1408 2337 1472 hoc
2377 1429 2535 1490 ergo
2581 1408 2794 1471 dixit:
2848 1409 3033 1491 ‘ipse

611 1508 948 1592 suppleuit
1001 1520 1069 1572 et
1121 1531 1294 1592 quae
1342 1511 1532 1572 uobis
1578 1510 1891 1588 deerant3
1936 1511 2044 1574 ille
2096 1511 2182 1573 ab
2227 1511 2538 1574 omnibus
2590 1511 2921 1593 accipiens
2961 1520 3033 1575 et

611 1616 910 1677 omnium
953 1615 1269 1696 supplens
1302 1625 1461 1677 uota
1492 1614 1911 1696 apportauit!

2001 1624 2068 1677 et
2099 1615 2263 1677 haec
2293 1615 2520 1679 dicens
2551 1615 2636 1677 de
2667 1615 3032 1678 Timotheo

611 1719 882 1799 quidem
919 1727 1324 1781 memoratus
1356 1726 1475 1792 est,
1504 1717 1821 1798 quoniam
1857 1717 2174 1780 missurus
2206 1698 2292 1780 sit
2322 1739 2475 1782 eum
2500 1738 2517 1795 ;
2562 1718 2647 1789 de
2680 1717 3033 1801 Epaphro-

612 1822 755 1885 dito
810 1841 990 1897 uer0,
1037 1820 1352 1902 quoniam
1405 1820 1585 1884 misit
1627 1839 1780 1882 eum
1833 1839 1982 1883 cum
2030 1822 2167 1884 suis
2215 1822 2492 1905 scriptiS.

512 1934 579 1998 15
613 1923 697 1984 ad
745 1923 1010 1984 omnia:

2581 1822 2825 1886 adiecit
2870 1842 3032 1886 uero

741 2047 818 2108 dc
845 2057 1052 2120 cetere,
1070 2047 1334 2127 fratres
1365 2047 1502 2122 mei,
1526 2048 1806 2129 gandete
1836 2048 1906 2112 in
1936 2048 2235 2113 Domino,

741 2186 936 2227 orans
969 2186 1087 2246 pro
1122 2165 1247 2227 illis
1280 2166 1405 2227 ista
1448 2165 1627 2242 dicit,
1661 2166 1788 2229 hoc
1826 2178 1965 2231 est:
2014 2169 2396 2250 ‘contingat
2428 2166 2619 2230 uobis
2666 2166 2760 2230 ita
2800 2166 3034 2230 omnia

611 2270 750 2351 pati
800 2290 917 2350 per
956 2270 1253 2331 diuinam
1296 2269 1598 2350 gratiam,
1633 2281 1709 2333 ut
1747 2291 2010 2352 semper
2047 2273 2295 2354 gaudio
2336 2271 2480 2334 sitis
2521 2271 2755 2353 repleti
2797 2271 2866 2332 in
2901 2269 3032 2332 illis

614 2375 804 2436 bonis
851 2395 1022 2455 quae
1069 2375 1153 2436 ab
1197 2395 1276 2435 eo
1323 2374 1515 2435 nobis
1562 2385 1718 2438 sunt
1763 2376 2115 2457 praestita.'

503 2490 587 2536 20
613 2475 913 2553 Domine,
948 2496 1027 2537 eo
1060 2477 1237 2556 quod
1284 2488 1384 2539 est
1431 2477 1724 2558 gaudere
1767 2487 1835 2540 et
1880 2498 2012 2539 non
2059 2478 2245 2551 bene,
2278 2478 2549 2560 quando
2582 2478 2731 2559 quis
2763 2498 2802 2539 a
2833 2475 3031 2539 bonis

2205 2375 2377 2438 bene
2419 2386 2642 2438 autem
2687 2374 2913 2458 posuit
2957 2373 3032 2435 in

613 2580 1068 2663 praesentibus
1122 2580 1435 2644 delectari
1489 2581 1754 2644 uidetur
1802 2602 1958 2663 erga
2007 2583 2460 2665 possessiones
2519 2591 2587 2645 et
2648 2578 3029 2645 fruitionem

612 2706 857 2759 earum,
894 2686 959 2747 id
992 2685 1117 2747 sibi
1148 2686 1396 2748 bonum
1430 2707 1574 2749 esse
1606 2687 2020 2751 existimans,

742 2820 892 2882 llaec
917 2820 1132 2883 eadem
1172 2820 1441 2883 scribere
1484 2820 1663 2882 uobis
1703 2820 1870 2882 mila·
1896 2820 2150 2901 quidem
2195 2818 2565 2900 imfflgrrum,
2600 2816 2780 2881 uobis
2812 2826 3031 2880 autem

611 2936 888 2987 cautum.

709 3043 739 3092 6
775 3046 906 3093 enim
934 3046 1045 3108 (star
1065 3043 1284 3109 quidem)
1312 3045 1377 3091 ll
1393 3042 1401 3099 Ι
1433 3044 1707 3091 misterium
1738 3044 1779 3091 C

681 3201 724 3247 3.
796 3200 855 3231 ex
896 3185 1074 3245 qm'lms
1113 3184 1268 3241 (dicit)
1309 3182 1449 3244 quod,
1495 3179 1612 3239 δια]
1698 3180 1776 3226 Dr

610 3266 786 3329 Jacobi
812 3275 1034 3327 suggests
1059 3265 1141 3311 the
1167 3264 1404 3312 insertion
1432 3262 1490 3311 os
1516 3278 1579 3310 an
1612 3271 1656 3311 et
1687 3264 1771 3311 be·

614 3348 717 3395 sore
751 3355 1031 3409 apportans.
1118 3347 1212 3395 But
1247 3346 1331 3393 the
1365 3345 1570 3407 reading
1603 3344 1661 3391 of
1689 3346 1775 3393 the

616 3431 770 3477 MSS.
798 3430 837 3475 is
857 3427 1180 3488 intelligible:
1224 3427 1301 3473 ‘in
1329 3426 1433 3473 that
1461 3423 1581 3485 (ἀνθ’
1609 3424 1687 3488 ὧν)
1713 3426 1775 3473 he

616 3509 841 3556 incurred
877 3509 1063 3569 danger
1101 3510 1174 3567 (so
1210 3507 1293 3555 the
1329 3509 1426 3569 Ap.
1464 3508 1630 3555 would
1667 3511 1773 3571 say)

617 3593 825 3638 because
850 3590 913 3637 he
942 3591 1223 3638 ministered
1252 3597 1302 3636 to
1326 3606 1451 3652 your
1474 3590 1687 3638 wishes!

682 3672 726 3719 6.
796 3681 913 3733 opus
938 3673 1005 3720 l).
1039 3672 1223 3720 minist.
1250 3673 1341 3734 ips.
1362 3672 1560 3731 uocans]
1625 3674 1772 3720 Oeca

617 3756 680 3801 τὸ,
715 3755 828 3813 πρὸς
864 3772 949 3809 την
984 3756 1148 3813 χρείαν
1176 3755 1345 3801 ἔδωκεν
1367 3757 1442 3799 καὶ
1469 3755 1670 3811 διηκόνει
1696 3756 1773 3800 αὑ-

617 3838 699 3895 τῷ.
770 3839 937 3895 ἔργον
973 3837 1021 3882 δὲ
1059 3835 1250 3895 κυρίου
1285 3837 1425 3882 καλεῖ
1454 3837 1510 3883 τὸ
1537 3838 1767 3885 τοιοῦτον.

624 3920 855 3967 Ellicou:
916 3919 1029 3965 “all
1089 3919 1171 3965 the
1230 3918 1330 3965 (ik.
1387 3928 1775 3967 Commentators

618 4003 743 4050 refer
789 4002 925 4048 these
969 4001 1069 4048 and
1111 4001 1192 4049 the
1229 4000 1487 4063 following
1523 4002 1685 4048 words
1724 4010 1775 4049 to

618 4085 701 4132 the
726 4084 911 4143 danger
934 4084 1118 4144 aris-ing
1154 4083 1277 4130 from
1313 4083 1621 4146 persecution
1658 4099 1773 4131 con-

618 4166 811 4214 fronted
846 4167 911 4227 by
944 4165 1167 4227 Epaphr.
1203 4173 1253 4211 at
1292 4165 1452 4213 Rome
1490 4165 1538 4212 in
1577 4165 1653 4212 his
1689 4181 1773 4213 en·

618 4252 835 4297 ‹leavour
867 4257 917 4296 to
943 4249 1165 4296 minister
1188 4256 1239 4296 to
1268 4249 1317 4296 S.
1350 4245 1521 4295 Paul.’'
1588 4248 1704 4301 Th..
1738 4248 1775 4296 it

619 4347 730 4393 may
757 4332 817 4379 be
853 4332 1131 4393 premmed,
1165 4346 1334 4393 agrees
1370 4329 1489 4377 with
1525 4329 1608 4379 the
1645 4340 1777 4385 rest;

620 4413 705 4459 but
754 4413 828 4459 his
881 4428 1062 4460 comm.
1111 4412 1151 4461 is
1207 4412 1500 4474 ambiguous
1555 4429 1620 4460 on
1679 4411 1777 4459 this

1978 3054 2035 3103 14
2070 3042 2222 3090 adicit
2251 3044 2295 3090 C
2489 3055 2552 3091 20
2586 3041 2635 3088 in
2661 3040 2777 3103 (sbr
2796 3041 2846 3100 a)
2871 3055 2905 3087 r

1869 3184 2026 3245 point.

1944 3281 2012 3325 ¹4·
2061 3265 2294 3327 quoniam
2321 3262 2455 3310 misit
2484 3277 2595 3309 eum
2630 3277 2743 3309 cum
2777 3261 2880 3309 suis
2911 3259 3031 3321 scr-J

1871 3347 2022 3394 Thdt.
2055 3348 2229 3409 (arg.):
2260 3347 2341 3392 τὸν
2366 3346 2465 3404 ’γὰρ
2486 3344 2718 3403 μακάριον
2735 3341 3031 3404 Ἐπαφρόδι-

1871 3430 2084 3476 τον...εἰς
2120 3424 2208 3485 τὴν
2248 3428 2484 3487 μεγίστην
2518 3425 2704 3482 ἐκείνην
2735 3425 3034 3472 ἀπέστειλαν

1873 3512 2033 3570 πόλιν,
2062 3511 2117 3558 οὐ
2141 3509 2382 3555 δείσαντες
2407 3508 2466 3554 τὸ
2500 3506 2722 3565 θηριῶδες
2754 3506 2839 3552 τοῦ
2872 3504 3033 3565 Nepa·

1871 3608 1961 3639 νος.
2041 3591 2116 3637 διὰ
2138 3590 2310 3635 τούτου
2331 3589 2511 3643 ταύτην
2535 3588 2788 3647 γέγραφεν
2811 3585 2900 3644 τήν
2928 3587 3032 3634 ἐτι·

1874 3674 2072 3729 στολήν.
2133 3672 2211 3719 (ἶῖ.
2244 3672 2326 3720 the
2351 3669 2682 3732 subscription
2709 3665 2760 3715 δι’
2780 3664 3037 3729 'Eu-appo·

1874 3757 2004 3802 δίνου
2041 3755 2173 3813 (KL‚
2211 3754 2275 3801 al.
2302 3754 2447 3817 plur„
2474 3752 2669 3815 syru‘f.).
2744 3750 2869 3798 This
2902 3750 3032 3797 view

1871 3836 1912 3883 is·
1947 3835 2218 3899 supported
2251 3834 2318 3896 by
2346 3834 2431 3882 the
2464 3849 2565 3880 aor.
2593 3832 2794 3892 ἔπεμψα
2819 3830 2884 3889 (ν.
2918 3829 3033 3892 28);

1872 3918 1935 3967 cf.
1965 3918 2239 3980 Lightsoot,
2263 3917 2591 3979 s’hileyspicms,
2623 3931 2670 3979 p.
2698 3913 2776 3977 36,
2804 3922 2922 3962 note
2948 3930 2992 3963 α.

1951 4014 2021 4061 19.
2067 4001 2128 4047 ab
2160 3999 2227 4058 co]
2268 3999 2352 4047 i.e.
2387 4014 2419 4045 a
2453 3999 2594 4054 Deo;
2634 3999 2774 4059 “per
2806 3994 3033 4043 diuinam

1874 4083 2083 4147 gratiam
2104 4081 2131 4105 ’'
2173 4084 2226 4140 (1.
2261 4082 2335 4139 18)
2377 4080 2622 4144 probably
2657 4084 2935 4141 represents
2970 4075 3037 4135 τῇ

1878 4168 1977 4213 τοῦ
2012 4166 2146 4212 θεοῦ
2179 4163 2357 4224 χάριτι.

1941 4264 2018 4297 20.
2071 4247 2204 4294 bom's
2233 4243 2570 4308 praesentibus
2602 4241 2781 4302 dcli-ct]
2847 4242 3031 4290 Thdt.:

1877 4327 2038 4388 πάσης
2062 4331 2288 4387 θυμηδίας
2311 4325 2704 4385 πνευματικῆς
2726 4327 3032 4386 ἐμφορεῖσθε.

1944 4424 2020 4471 23.
2066 4410 2338 4472 impigrum
2431 4404 2655 4465 cautum]
2720 4406 2804 4452 οὐκ
2838 4404 3036 4465 ὀκνηρὸν
