3293 5233
483 426 608 476 202
1131 417 1585 470 THEODORUS
1641 415 2225 468 MOPSUESTENUS
2637 400 2717 484 [Ι.
2747 403 2806 478 6,
2841 417 2902 484 7.

613 592 931 677 confidens
986 591 1099 655 hoc
1156 591 1382 674 ipsum,
1441 589 1748 672 quoniam
1806 589 1924 670 qui
1979 586 2309 651 incltoauit
2364 586 2436 649 in
2495 585 2676 649 uobis
2745 595 2907 667 opus

484 696 732 774 bonum,
763 694 1054 778 perficiet
1094 715 1289 776 usque
1333 693 1403 756 in
1448 694 1620 755 diem
1672 691 1925 790 Clgrz'sti
1963 691 2127 754 Iesu.

617 831 789 895 bene
820 839 1044 894 autern
1088 839 1155 893 et
1196 829 1591 912 principium
1635 836 1703 891 et
1745 826 1947 890 finem
1983 824 2229 891 Christi
2266 824 2522 908 gratiae
2561 821 2904 907 aptauisse

487 933 894 1015 perspicitur,
957 951 1090 994 non
1148 929 1366 993 solum
1442 929 1759 1011 quoniam
1827 926 2346 991 confirmabatur
2409 924 2525 988 illa
2587 944 2758 1007 quae
2833 923 2904 985 in

424 1047 455 1113 5
493 1035 759 1099 Christo
790 1044 891 1097 est
927 1033 1128 1110 fides;
1175 1033 1491 1115 quoniam
1532 1041 1602 1095 et
1641 1034 1803 1094 istos
1836 1029 1984 1112 plus
2023 1049 2168 1091 esse
2206 1028 2432 1091 firmos
2463 1049 2621 1111 erga
2649 1029 2903 1093 bonum

489 1136 792 1210 faciebat,
846 1134 1005 1197 dum
1060 1136 1390 1197 discerent
1450 1136 1605 1215 quia
1659 1154 1927 1197 causam
1983 1134 2244 1196 illorum
2306 1151 2477 1213 quae
2529 1130 2698 1193 fiunt
2752 1128 2905 1193 Deo

491 1237 803 1301 conuenit
862 1236 1095 1318 aptari,
1150 1237 1274 1318 ipsi
1336 1236 1539 1298 etiarn
1600 1256 1722 1318 pro
1793 1223 2182 1317 praeteritis*
2224 1232 2472 1297 debent
2539 1231 2905 1313 gratiarum

492 1340 730 1404 referre
770 1340 1079 1402 actioneS.
1173 1359 1326 1401 nam
1360 1339 1454 1401 ita
1486 1338 1552 1400 in
1595 1337 1725 1400 illis
1767 1338 2116 1419 persistere
2161 1334 2739 1398 confirmationem
2773 1334 2905 1398 illis

492 1443 578 1506 de
623 1442 856 1505 suturis
902 1450 1257 1524 praestare·
1283 1441 1648 1504 uidebatur.

391 1606 468 1653 10
621 1594 789 1659 sicut
831 1605 924 1657 est
974 1594 1227 1657 iustum
1271 1593 1438 1655 mihi
1481 1591 1593 1655 hoc
1635 1601 1851 1671 sapere
1887 1600 2014 1670 pro
2057 1589 2353 1653 omnibus
2394 1588 2587 1665 uobis,
2632 1610 2699 1652 eo
2741 1587 2918 1670 quod

493 1697 761 1760 lcabeam
808 1717 921 1758 uos
967 1696 1037 1757 in
1082 1694 1263 1757 corde
1307 1716 1453 1770 mee,
1496 1704 1557 1756 et
1603 1693 1674 1755 in
1728 1691 2006 1755 uinculis
2053 1691 2212 1753 meis
2253 1700 2319 1753 et
2359 1689 2429 1752 in
2472 1690 2654 1753 omni
2693 1690 2911 1771 dqfen-

494 1798 667 1860 sione
715 1807 776 1859 et
816 1795 1293 1878 corfirmatione
1340 1793 1667 1876 euangelii
1709 1792 2179 1874 comparticipes
2226 1791 2493 1872 gratiae
2538 1811 2751 1853 omnes
2795 1809 2912 1852 uos

496 1921 639 1964 esse.

628 2009 756 2073 hoc
815 2009 900 2073 ad
955 2007 1115 2070 illud
1171 2007 1351 2088 quod
1401 2007 1468 2070 in
1526 2005 1972 2089 superioribus
2034 2014 2134 2068 est
2192 2004 2444 2068 dictum
2504 2003 2747 2078 retulit,
2794 2002 2910 2065 ubi

397 2126 465 2193 15
501 2114 718 2177 dixit:
789 2134 931 2174 cum
981 2110 1231 2193 gaudio
1287 2120 1351 2172 et
1409 2110 1763 2172 orationem
1821 2108 2083 2188 faciens
2152 2117 2343 2187 super
2410 2107 2914 2170 communionem

502 2226 783 2280 uestram
817 2216 886 2277 in
915 2213 1316 2294 euangelium
1330 2237 1358 2286 ,·
1393 2212 1621 2274 uolens
1655 2212 1871 2274 dicere
1903 2211 2219 2291 quoniam
2255 2210 2440 2272 ‘mihi
2476 2210 2581 2273 uel
2609 2211 2914 2274 maxime

504 2318 697 2379 decet
728 2315 888 2378 talia
920 2315 1003 2376 de
1037 2315 1227 2376 uobis
1257 2315 1537 2390 credere,
1569 2315 1682 2394 qui
1719 2335 1982 2395 semper
2014 2337 2133 2377 uos
2166 2315 2229 2376 in
2263 2315 2461 2376 corde
2493 2332 2643 2374 meo
2673 2311 2914 2388 habe0,

504 2419 655 2482 licet
686 2420 740 2482 si
780 2420 844 2481 in
885 2417 1185 2495 uinculiS,
1220 2416 1372 2479 licet
1410 2417 1498 2478 ob
1540 2416 1996 2479 defensionem
2037 2437 2255 2479 meam
2300 2426 2529 2478 tenear
2559 2436 2678 2497 pro
2715 2435 2915 2496 opere

505 2543 671 2585 meo,
762 2523 857 2584 sic
901 2522 1077 2582 enim
1126 2540 1232 2582 me
1278 2519 1597 2581 adfectari
1646 2520 1804 2581 facit
1852 2520 1935 2582 de
1983 2521 2193 2594 uobiS,
2230 2530 2301 2582 ut
2345 2521 2550 2582 sciam
2597 2521 2914 2600 quoniam

393 2648 478 2693 20
506 2626 1066 2709 praedicationem
1122 2632 1190 2687 et
1239 2624 1609 2686 doctrinam
1663 2644 1880 2686 meam
1943 2623 2384 2685 confirmastis
2446 2643 2564 2705 per
2623 2632 2915 2686 uestram

505 2731 729 2806 fidem,
762 2730 1049 2791 tributae
1091 2728 1249 2791 mihi
1283 2730 1536 2810 gratiae
1579 2729 1644 2789 in
1685 2727 2137 2808 apostolatum
2171 2728 2679 2810 comparticipes
2712 2727 2917 2804 facti;’

507 2840 579 2893 ut
629 2831 811 2893 dicat
856 2830 1171 2911 quoniam
1231 2829 1474 2892 ‘habeo
1530 2851 1652 2891 uos
1706 2831 1772 2890 in
1826 2829 2050 2890 animo
2111 2849 2375 2909 semper
2421 2848 2501 2890 eo
2548 2829 2727 2909 quod
2780 2848 2919 2890 cre-

507 2935 803 2999 didistis.’
893 2930 1593 3014 †‘confirmationem’
1634 2933 1810 2993 enirn
1861 2932 1963 2992 ‘in
2010 2929 2390 3011 euangelio'
2439 2929 2701 2992 illorum
2756 2929 2921 2992 dicit

509 3036 988 3114 credulitatem,
1052 3056 1131 3097 eo
1193 3034 1372 3115 quod
1444 3033 1802 3106 credentes
1859 3040 2180 3113 quantum
2256 3031 2340 3092 ad
2397 3029 2546 3092 illos
2608 3030 2919 3112 pertinet,

400 3282 475 3348 25
637 3262 1068 3342 βεβαίωσιν
1111 3266 1237 3328 τοῦ
1284 3260 1736 3343 εὐαγγελίου
1780 3260 1855 3324 τὸ
1899 3262 2253 3325 πιστεῦσαι
2295 3256 2488 3340 λέγει,
2537 3255 2620 3326 ὥς
2666 3255 2748 3320 ἂν
2789 3258 2924 3321 τῶν

511 3363 949 3431 πιστευόντων
978 3362 1052 3428 τό
1090 3390 1165 3447 «γε
1210 3364 1308 3427 ἐπ’
1352 3361 1569 3439 αὐτοῖς
1611 3362 2064 3441 βεβαιούντων
2094 3360 2169 3425 τὸ
2200 3358 2495 3446 κήρυγμα
2525 3354 2629 3420 ὅτι
2659 3353 2922 3435 ἀληθές·

616 3552 635 3584 1
674 3534 753 3586 l'e'c‘
791 3534 1084 3583 confidimus
1120 3534 1171 3582 in
1210 3534 1416 3583 domino
1452 3535 1567 3583 Iesu
1606 3536 1788 3597 (marg)
1812 3534 1881 3582 ΙΙ
2102 3531 2132 3580 6
2167 3532 2410 3581 faciebant
2457 3533 2500 3581 C
2519 3532 2586 3581 II
2600 3549 2612 3581 ε
2646 3538 2725 3579 txt
2747 3529 2808 3594 νΙ
2837 3530 2925 3595 qui

515 3632 712 3665 causam
741 3616 784 3664 C
848 3615 963 3679 quia
988 3630 1134 3663 causa
1157 3631 1189 3662 r
1415 3618 1443 3663 8
1478 3616 1697 3664 actiones
1722 3616 1808 3664 res.
1833 3617 1899 3663 H
1918 3613 1925 3676 Ι
1956 3614 2330 3663 confirmatione
2359 3615 2402 3663 C
2616 3612 2674 3662 16
2703 3629 2786 3662 me
2812 3612 2930 3677 (fiv'

514 3698 657 3758 mihi)
683 3714 714 3745 r
774 3738 784 3749 .
912 3698 969 3745 18
1003 3698 1095 3745 sim
1123 3698 1239 3759 (χόν
1258 3697 1320 3757 si)
1351 3698 1392 3746 C
1415 3699 1560 3759 (corr)
1586 3714 1616 3745 r
1811 3713 1867 3745 21
1908 3697 2079 3745 tribuit
2101 3698 2213 3745 Ην
2238 3694 2244 3750 1
2275 3695 2485 3759 gratiam
2509 3696 2577 3743 H
2761 3707 2822 3757 25
2847 3709 2924 3758 sq.

517 3778 671 3827 Coisl.
705 3791 815 3840 204,
855 3777 884 3826 f.
931 3793 1016 3825 112
1043 3793 1071 3825 a
1108 3778 1214 3837 [Cr.
1247 3779 1313 3825 vi.
1348 3793 1459 3841 234,
1496 3779 1579 3826 Fr.
1619 3778 1731 3841 137]
1788 3779 2033 3838 θεοδώρου.
2073 3779 2219 3826 ἄλλος
2255 3778 2418 3837 φησίν·
2452 3776 2737 3840 βεβαίωσιν,
2779 3777 2926 3825 κ.τ.λ.

519 3858 580 3909 26
614 3860 725 3907 τότε
747 3859 883 3916 eod.‚
913 3859 1015 3907 Cr.:
1052 3865 1126 3907 txt
1149 3858 1279 3922 conj.
1312 3860 1394 3907 Fr.

589 4031 632 4065 1.
710 4013 804 4077 qui
832 4012 1107 4074 t'ncs'coauil]
1175 4012 1200 4062 ὁ
1234 4011 1567 4075 ἐναρξάμενοςε
1602 4014 1669 4063 cs.
1843 4028 1917 4062 10.
1957 4013 2041 4060 hoc
2061 4010 2241 4074 sapere]
2274 4008 2417 4060 τοῦτο
2435 4012 2649 4073 φρονεῖνι
2678 4009 2741 4060 cf.
2764 4009 2927 4073 infra,

518 4105 686 4159 supra,
730 4094 843 4144 Gal.
886 4095 953 4143 iii.
1001 4111 1045 4157 3.
1136 4095 1205 4144 So
1244 4095 1361 4145 here
1398 4097 1671 4155 Ambrstr.;
1773 4111 1816 4143 c.
1854 4095 1905 4143 ii.
1945 4105 1989 4154 5.
2061 4094 2127 4141 In
2162 4093 2299 4141 corde
2331 4108 2552 4142 meo—so
2585 4091 2670 4141 the
2706 4092 2925 4141 Peshito.

520 4178 695 4241 Vulg„
729 4179 763 4202 ‘⁴
784 4176 869 4240 qui
891 4174 1112 4240 coepit.”
1782 4176 1937 4224 Omni
1969 4175 2011 4223 is
2043 4173 2251 4223 without
2276 4173 2538 4236 authority,
2567 4174 2669 4221 and
2691 4188 2747 4221 so
2770 4174 2811 4222 is
2844 4173 2932 4222 the

588 4275 633 4320 5.
714 4259 947 4320 quoniam
970 4257 1031 4318 et]
1089 4257 1300 4322 Jacobit
1338 4259 1549 4308 “uersio
1572 4274 1674 4307 non
1775 4257 2012 4305 omission
2035 4255 2093 4303 of
2120 4256 2203 4304 the
2233 4271 2363 4319 pers.
2399 4270 2625 4318 pronoun
2659 4254 2783 4302 after
2807 4269 2931 4316 gra-

522 4347 750 4389 accurata
773 4356 879 4388 esse
906 4339 1100 4388 uidetur
1134 4340 1395 4388 uerborum
1433 4340 1563 4388 ἀλλὰ
1597 4339 1677 4386 καὶ
1776 4338 1886 4385 tiae.
1959 4337 2069 4385 ΤΙιε
2106 4336 2251 4384 Latin
2285 4335 2506 4383 versions
2530 4333 2796 4397 unisorrnly
2816 4334 2931 4397 give

524 4422 649 4471 &13⁹
708 4422 783 4471 Or
807 4437 897 4469 can
920 4423 1002 4469 sed
1018 4421 1145 4472 have
1169 4422 1316 4485 dropt
1342 4429 1427 4470 out
1450 4422 1674 4470 between
1768 4420 1948 4483 gaudii
1970 4417 2140 4483 (χαρᾶς
2154 4418 2210 4482 ἓ).

517 4502 637 4559 fides
660 4501 756 4549 and
781 4502 1017 4563 quoniam
1039 4504 1063 4551 ?
1849 4502 1919 4547 18.
1969 4500 2076 4548 licet
2093 4500 2140 4546 si
2163 4499 2218 4547 in
2244 4498 2471 4555 uinculis,
2492 4497 2602 4557 δια]
2651 4499 2750 4546 For
2766 4496 2871 4545 licet
2886 4497 2935 4545 si
