3293 5233
514 386 639 466 238

1179 396 1635 449 THEODORUS
1685 396 2272 449 MOPSUESTENUS

2462 384 2623 469 [III.
2668 403 2943 465 10—14.

642 578 705 632 et
730 569 1360 634 communicationem
1368 570 1752 652 passionum
1776 570 1929 646 eius,
1948 569 2538 652 conformis-factus
2556 569 2759 634 morti
2781 569 2942 645 eius,

509 672 574 735 si
600 672 905 755 quomodo
933 694 1261 736 occurram
1292 673 1364 736 in
1391 694 1534 737 eam
1565 674 2086 737 resurrectionem
2116 695 2277 757 quae
2303 684 2400 738 est
2424 696 2504 738 ex
2530 674 2820 738 mortuis.

647 810 953 891 ‘propter
981 807 1109 871 hoc
1140 806 1405 891 (inquit)
1442 817 1510 873 et
1541 809 2032 874 communicare
2064 809 2487 890 passionibus
2533 809 2673 873 eius
2719 808 2940 891 cupio,

515 910 874 973 consimilis
920 911 1133 975 factus
1180 911 1377 974 morti
1419 912 1576 988 eiuS,
1610 932 1691 975 eo
1733 912 1915 995 quod
1949 911 2034 974 ad
2067 911 2573 975 similitudinem
2608 912 2748 975 eius
2778 930 2943 975 con-

452 1012 950 1095 5templatione
997 1014 1264 1096 pietatis
1312 1014 1400 1078 ab
1454 1013 1687 1078 alienis
1738 1015 1827 1078 ad
1877 1023 2162 1078 mortem
2212 1016 2594 1097 pertrahor3
2650 1036 2772 1099 spe
2824 1015 2944 1079 illa

511 1135 645 1198 qua
675 1115 939 1179 confido
971 1117 1302 1200 particeps
1342 1116 1479 1181 fieri
1521 1118 1663 1181 eius
1709 1118 2219 1195 resurrectioniS,
2253 1139 2426 1202 quae
2472 1119 2676 1183 etiam
2724 1118 2943 1182 multa

514 1228 584 1283 et
614 1219 916 1283 inmensa
945 1220 1201 1302 repleta
1232 1230 1332 1284 est
1363 1219 1609 1304 gloria!

645 1391 772 1433 non
829 1370 986 1453 quia
1044 1369 1181 1433 iam
1233 1369 1587 1452 acceperim,
1637 1380 1761 1434 aut
1803 1371 1943 1436 iam
1986 1371 2315 1455 perfectus
2357 1371 2488 1460 sim
2512 1395 2543 1446 ‚·
2590 1383 2949 1454 persequor

513 1483 747 1550 autem,
775 1472 841 1537 si
865 1484 928 1538 et
950 1472 1470 1556 comprehendam
1511 1474 1584 1537 in
1622 1494 1745 1557 quo
1782 1483 1848 1538 et
1881 1473 2357 1557 comprehensus
2396 1495 2545 1538 sum
2589 1496 2634 1538 a
2682 1471 2945 1539 Christo

414 1598 492 1647 10
515 1578 682 1643 Iesu.

647 1720 728 1763 eo
760 1697 939 1781 quod
972 1697 1317 1761 desursum
1349 1697 1442 1760 illi
1474 1697 1785 1779 adparuit
1816 1705 1886 1759 et
1915 1694 2000 1760 de
2031 1694 2218 1760 caelo
2263 1695 2567 1760 Christus
2610 1715 2802 1759 suam
2846 1694 2943 1758 illi

516 1803 809 1867 ostendit
853 1800 1153 1884 gloriam.
1242 1802 1370 1864 hoc
1415 1802 1614 1864 dicit:
1662 1801 1763 1863 ‘in
1803 1800 1969 1863 illud
2009 1798 2188 1882 quod
2233 1800 2602 1882 perfectum
2645 1809 2746 1863 est
2788 1820 2946 1863 nec-

519 1907 681 1970 dum
714 1905 1118 1979 constituti0,
1152 1914 1443 1986 expecto
1475 1905 1654 1968 enim
1694 1902 1856 1966 illud
1906 1902 2142 1966 adhuc.

2246 1902 2474 1965 omnia
2505 1912 2731 1965 autem
2772 1902 2944 1967 facio

518 2011 888 2074 enitescens
920 2009 1195 2091 adsequi
1229 2008 1808 2090 participationem
1852 2026 2104 2085 eorum,
2137 2006 2203 2068 in
2250 2005 2492 2088 quibus
2539 2005 2682 2087 ipse
2726 2004 2939 2068 oculis

418 2131 486 2198 15
520 2110 686 2174 meis
717 2110 1029 2193 perspexi
1060 2131 1205 2173 esse
1230 2109 1589 2184 Christum,
1614 2107 1885 2191 quando
1918 2127 2026 2170 me
2057 2116 2565 2190 persequentem
2598 2127 2719 2189 per
2746 2126 2944 2170 suam

519 2214 993 2278 reuelationem
1041 2214 1473 2296 praeueniens
1520 2213 1587 2274 in
1623 2231 1814 2274 suam
1849 2231 1956 2273 me
1987 2210 2439 2293 cognitionem
2470 2210 2945 2274 conuerterat.'

520 2328 588 2381 et
620 2318 926 2381 insistens
958 2316 1084 2380 illis
1117 2316 1310 2399 ipsis:

630 2460 909 2542 fratres,
953 2481 1062 2541 ego
1108 2469 1333 2521 memet
1376 2457 1584 2540 ipsum
1629 2480 1755 2521 non
1798 2457 2066 2521 aestimo
2106 2459 2638 2540 comprehendisse
2655 2484 2685 2535 ‚·
2734 2483 2941 2525 unum

519 2573 793 2639 tantum,
833 2563 952 2627 illa
982 2584 1142 2646 quae
1156 2563 1519 2645 posteriora
1560 2573 1718 2626 sunt
1766 2562 2149 2638 obliuzscenS,
2192 2562 2330 2627 illis
2380 2585 2540 2645 quae
2589 2575 2741 2628 ante
2782 2577 2942 2629 sunt

522 2775 626 2837 nis
654 2772 785 2835 Dei
814 2772 885 2834 in
919 2770 1174 2836 Christo
1203 2769 1371 2834 Iesu.

624 2931 643 2965 1
683 2917 1133 2966 communicatione
1162 2917 1204 2965 C
1225 2916 1308 2964 H:
1345 2921 1424 2964 txt
1443 2932 1474 2963 r

527 3015 584 3063 ¹3
619 2999 914 3048 constitutus
955 3000 998 3046 C
1041 2999 1187 3057 (corr)
1251 2997 1521 3046 constituto
1556 3012 1587 3042 r

521 3080 684 3144 ipsum
726 3080 796 3129 C*
833 3081 1080 3143 meipsum
1106 3080 1171 3128 II

593 3221 636 3255 1.
731 3198 1248 3259 communicationem]
1341 3199 1411 3247 So
1484 3198 1550 3247 O.
1595 3198 1684 3255 1..;

522 3285 693 3348 Vulg.,
722 3286 1003 3333 societatem.
1078 3279 1359 3343 Consormis
1371 3279 1549 3341 sactus
1562 3293 1581 3325 .·
1620 3278 1683 3325 si-

523 3367 718 3429 milarly
775 3367 910 3428 Aug.
969 3362 1357 3425 (conformatus),
1425 3359 1678 3407 Ambrstr.

524 3445 854 3509 (conformans
909 3439 1033 3503 νηὸς
1104 3440 1149 3487 V
1152 3439 1274 3501 ulg.,
1330 3440 1682 3503 configuratus.

525 3526 708 3587 Comp.
756 3540 847 3573 our
891 3520 1184 3570 translation
1232 3519 1351 3567 with
1399 3519 1482 3567 the
1529 3519 1681 3582 Vulg.

524 3609 702 3665 below,
732 3623 780 3654 v.
806 3619 886 3653 20.
954 3605 1021 3652 In
1054 3620 1114 3651 ea
1126 3618 1175 3649 m
1211 3618 1300 3649 res.
1334 3618 1459 3666 quoe
1483 3609 1566 3658 est,
1590 3603 1682 3651 Sec.

533 3689 654 3737 :clx
674 3689 777 3743 τὴν
799 3685 1019 3745 ἐξανάστ.
1050 3682 1153 3742 τήν,
1182 3686 1329 3731 κ.τ.λ.

590 3784 636 3833 9.
719 3767 769 3814 si
818 3772 865 3813 ct
915 3764 1334 3827 comprehendam]
1400 3764 1512 3819 Th„
1561 3762 1684 3811 with

527 3851 720 3912 Chrys„
763 3847 915 3895 Thdt.
959 3847 1057 3895 and
1099 3845 1184 3894 the
1221 3845 1362 3893 other
1405 3846 1504 3893 Gk.
1547 3861 1684 3893 com-

526 3938 810 3984 mentator-s,
837 3928 953 3975 read
979 3928 1020 3973 εἰ
1042 3928 1135 3973 καὶ
1162 3926 1338 3972 καταλ.

595 4029 614 4062 1
630 4028 668 4061 1.
740 4008 1020 4067 dcun-sum]
1113 4007 1329 4065 Ronsch,
1381 4006 1532 4064 Itala,
1590 4021 1672 4069 pp.

527 4112 552 4145 α
561 4109 635 4157 33,
657 4107 716 4155 47
725 4106 767 4153 5.
836 4092 1521 4139 Desursum...conum-terat:
1549 4091 1680 4139 cited

526 4180 591 4241 by
618 4174 877 4229 Lansranc,
907 4175 994 4221 but
1019 4180 1105 4220 not
1130 4171 1338 4232 exactly.

599 4274 669 4320 ¹3·
720 4255 1017 4314 constitutio]
1060 4254 1089 4311 ἡ
1108 4253 1416 4300 κατάστασις.
1472 4252 1544 4299 Or
1563 4253 1678 4300 read

524 4341 819 4394 constituor;
852 4336 912 4385 cf.
939 4353 989 4401 p.
1012 4351 1122 4399 239,
1149 4336 1181 4382 l.
1202 4350 1244 4393 2,
1271 4333 1370 4380 “in
1397 4332 1679 4382 fruitionem

526 4421 796 4471 consist0.''

599 4517 670 4560 ¹4·
720 4497 999 4558 mitescens]
1045 4496 1359 4560 Apparently
1384 4495 1455 4544 sor
1476 4497 1683 4544 enitens.

1682 2934 1712 2976 4
1746 2913 2224 2978 contemplationem
2248 2930 2280 2962 r

411 2695 497 2743 20
518 2668 883 2734 coextendor
897 2693 926 2743 ‚·
972 2669 1067 2730 ad
1090 2668 1481 2730 destinatum
1498 2679 1857 2750 persequor,
1881 2666 1976 2728 ad
2000 2666 2304 2731 bmnium
2333 2680 2640 2751 supernae
2668 2670 2944 2759 uocatio-

2485 2917 2515 2964 8
2549 2924 2604 2964 ut
2631 2914 2747 2979 (sor
2768 2918 2873 2976 aut)
2904 2917 2949 2966 C

1872 2995 1930 3046 16
1964 3005 2263 3045 conuenerat
2306 2997 2351 3045 C
2381 2997 2450 3045 H
2726 3001 2782 3046 18
2817 3007 2938 3047 met.

1780 3197 2254 3247 Enitescere=eniti
2313 3212 2472 3245 seems
2517 3206 2569 3246 to
2614 3197 2678 3247 be
2729 3199 2944 3250 without

1779 3279 2032 3344 example;
2074 3278 2139 3327 cf.
2174 3278 2407 3327 however
2442 3278 2852 3329 “adnitescens''
2892 3279 2938 3344 (ι

1781 3362 1913 3411 Tim.
1945 3361 1993 3410 ii.
2029 3360 2095 3423 7).

1852 3459 1926 3505 15.
1967 3461 2043 3493 me
2053 3452 2457 3508 persequentem..
2470 3445 2833 3507 praeueniens]
2862 3446 2944 3495 Cf.

1780 3524 1964 3573 Thdt.:
2031 3520 2175 3570 αὐτὸς
2227 3541 2291 3581 με
2345 3524 2573 3584 πρότερος
2627 3528 2944 3587 καταλαβών.

1779 3606 1996 3670 Thpht.:
2031 3606 2311 3664 κατεδίωξέν
2330 3623 2391 3662 με
2414 3605 2441 3652 ό
2465 3606 2686 3666 Χριστός,
2713 3609 2792 3655 καὶ
2827 3610 2943 3668 φεύ·

1778 3704 1930 3748 ’γοντα
1955 3685 2036 3734 ἀπ’
2059 3686 2205 3735 αὐτοῦ
2222 3687 2507 3747 κατέλαβεν,
2527 3689 2607 3734 καὶ
2624 3688 2940 3748 ἐπέστρεφεν.

1783 3770 2136 3816 Conna-terat:
2168 3782 2249 3815 see
2274 3783 2351 3815 vv.
2378 3766 2430 3814 11.
2505 3767 2636 3815 Both
2671 3784 2813 3817 sense
2840 3771 2941 3817 and

1777 3865 2027 3912 grammar
2050 3849 2242 3911 require
2267 3849 2350 3895 the
2373 3848 2661 3896 correction.

1851 3947 1868 3978 1
1881 3933 1926 3978 8.
1981 3936 2148 3976 memet
2187 3930 2349 3991 ipsum
2390 3944 2489 3976 non
2529 3929 2748 3989 aestimo]
2831 3930 2945 3978 The

1780 4009 1927 4056 Latin
1975 4007 2196 4055 versions
2240 4006 2335 4055 less
2380 4006 2676 4068 accurately,
2725 4023 2802 4054 me
2842 4025 2944 4055 uon

1778 4089 2012 4137 arbitror.
2081 4088 2380 4136 Coextcndor
2413 4087 2455 4136 is
2490 4103 2520 4135 a
2556 4088 2678 4136 bold
2717 4089 2817 4137 and
2854 4099 2944 4139 not

1776 4169 2055 4231 altogether
2081 4169 2414 4218 unsuccessful
2442 4177 2654 4233 attempt
2691 4179 2743 4220 to
2778 4188 2944 4236 repre-

1777 4260 1884 4300 sent
1909 4251 2303 4307 ἐπεκτεινόμενος.
2381 4253 2480 4299 For
2511 4251 2593 4300 the
2628 4252 2758 4302 form
2792 4262 2942 4303 coext.

1777 4347 1857 4379 see
1905 4332 2145 4391 Paucker,
2197 4331 2361 4393 sz'cil.
2417 4348 2462 4395 p.
2512 4345 2588 4392 23,
2641 4343 2774 4383 note.
2879 4335 2944 4386 In

1776 4430 1823 4461 v.
1869 4427 1924 4475 ¹4
1971 4429 2062 4461 our
2106 4413 2369 4461 translator
2414 4412 2607 4460 follows
2652 4414 2739 4464 the
2787 4415 2939 4481 Vulg.

1777 4496 1900 4543 nerlu
1905 4503 1943 4541 1!
1946 4496 2013 4541 im
2021 4533 2030 4543 .
