3293 5233
371 414 424 479 I.
452 417 563 498 '19‚
593 415 725 501 20.]
1187 430 1268 481 m
1319 430 1428 481 ΕΡ.
1475 431 1578 481 An
1623 430 2000 483 EPHESIOS.
2658 428 2779 496 ¹37

500 607 604 666 ‘et
660 611 913 685 quanta
971 603 1184 668 aderit
1242 604 1465 667 fruitio
1524 605 1851 668 bonorum
1912 603 2159 669 sanctis
2222 604 2349 670 Dei
2424 605 2492 670 in
2559 604 2780 670 futuro

368 702 669 767 saecu10.'
761 704 930 767 bene
976 714 1201 768 autem
1253 705 1544 786 gloriam
1587 705 1969 769 hereditatis·
2012 707 2294 783 uocauit,
2345 726 2427 770 eo
2478 708 2657 789 quod
2712 714 2782 770 et

367 800 637 884 gloriosi
680 803 1036 868 efficiemur
1080 814 1237 868 tunc
1284 826 1400 887 per
1445 808 1974 889 magnitudinem
2022 808 2419 872 donationis,
2507 806 2784 871 diuitias

369 916 593 969 autem
612 907 869 989 gloriae
897 909 1090 984 dixit,
1134 918 1208 971 ut
1247 909 1429 971 dicat
1472 910 1913 973 donationum
1950 909 2444 974 eminentiam*
2533 910 2782 974 etenim

370 1006 589 1070 multa·
633 1009 962 1089 quaedam
1013 1019 1116 1072 est
1168 1030 1327 1092 erga
1380 1030 1503 1072 nos
1557 1010 1686 1073 Dei
1741 1009 2118 1087 liberalitas,
2183 1012 2509 1094 siquidem
2566 1011 2784 1073 soluta
2855 1022 2887 1090 5

370 1117 582 1170 morte
630 1110 696 1171 in
744 1110 1364 1192 incorruptibilitate
1405 1113 1767 1188 constituti,
1815 1112 1988 1176 ultra
2032 1133 2307 1195 peccare
2361 1133 2494 1176 non
2541 1113 2784 1196 poteri-

369 1229 557 1286 mus;
605 1213 720 1274 sed
756 1213 821 1274 in
854 1213 1066 1276 multa
1097 1216 1389 1296 quadam
1421 1216 1985 1279 commorabimur
2026 1215 2341 1293 claritate,
2388 1226 2781 1299 perpetuam

367 1335 524 1397 erga
558 1315 780 1379 Deum
813 1314 1135 1380 habentes
1166 1319 1720 1382 coniunctionem„

493 1462 560 1514 et
607 1471 770 1532 quae
815 1452 908 1516 sit
955 1453 1426 1535 supereminens
1470 1452 1851 1536 magnitudo
1896 1453 2171 1517 uirtutis
2219 1453 2358 1517 eius
2402 1453 2472 1517 in
2519 1475 2632 1517 nos
2670 1454 2789 1535 qui

364 1550 769 1616 credidimus,
1948 1608 1969 1626 ,
2818 1573 2896 1621 10

501 1680 603 1737 ‘et
633 1673 856 1756 qualia
888 1674 994 1737 uel
1025 1696 1230 1758 quam
1263 1695 1511 1758 magna
1555 1697 1715 1759 erga
1756 1697 1895 1754 n05‚
1928 1676 2040 1758 qui
2077 1677 2144 1739 in
2177 1696 2330 1740 eum
2363 1678 2784 1753 credidimuS,

366 1775 454 1840 ab
485 1796 564 1839 eo
595 1776 991 1842 efficientur.'

496 1881 842 1944 considera
914 1890 1137 1944 autem
1215 1891 1282 1945 et
1355 1880 1482 1944 hoc
1558 1881 1623 1944 in
1701 1881 1847 1944 loco
1921 1880 2487 1964 quemadmodum
2565 1881 2783 1944 modis

364 1982 674 2046 omnibus
705 1983 971 2046 extollit
1002 1984 1276 2046 uerbum
1309 1984 1432 2046 sub
1462 1984 1824 2065 gratiarum
1856 1984 2132 2057 actione,
2155 1993 2351 2065 prout
2381 1983 2783 2045 conueniens

365 2094 508 2146 erat
533 2101 548 2159 ;
617 2105 751 2148 non
825 2087 1052 2148 dicens
1114 2086 1404 2167 gloriam
1475 2084 1853 2147 hereditatis
1924 2084 2242 2160 absolute,
2319 2084 2433 2146 sed
2509 2082 2785 2145 diuitias
2817 2096 2886 2164 15

353 2186 610 2268 gloriae
625 2210 655 2262 ,·
704 2208 917 2270 neque
948 2188 1260 2251 uirtutem
1290 2188 1428 2250 eius
1455 2209 1618 2269 quae
1656 2187 1726 2250 in
1758 2187 1936 2251 nobis
1968 2197 2075 2263 est,
2110 2188 2225 2249 sed
2267 2207 2481 2269 neque
2527 2185 2781 2268 magni-

366 2290 654 2353 tudinem
708 2291 981 2354 uirtutis
1039 2290 1273 2368 solum,
1340 2291 1456 2354 sed
1528 2290 1990 2354 uehementius
2050 2292 2415 2354 secundum
2470 2290 2536 2354 id
2597 2292 2779 2373 quod

366 2413 510 2456 esse
543 2394 819 2471 uidetur,
852 2395 1029 2458 dixit
1059 2419 1073 2458 ε
1120 2394 1591 2476 supereminens
1620 2393 2003 2476 magnitudo
2032 2393 2317 2459 uirtuti&

491 2546 834 2609 secundum
864 2545 1284 2629 operationem
1300 2543 1623 2627 potentiae
1635 2543 2069 2625 fortitudinis
2097 2543 2249 2608 eius.

495 2684 563 2738 et
592 2673 718 2736 hoc
760 2674 827 2736 in
873 2673 1020 2735 loco
1062 2693 1196 2735 non
1237 2672 1415 2735 dixit
1443 2671 1877 2752 fortitudinis
1912 2671 2233 2748 absolute,
2276 2672 2391 2735 sed
2436 2672 2780 2736 secundum
2808 2683 2895 2733 20

348 2778 705 2860 potentiam
720 2775 1198 2857 fortitudinis:
1245 2785 1319 2838 ut
1349 2776 1530 2837 dicat
1557 2799 1570 2838 :
1619 2773 1793 2837 illius
1826 2795 2109 2858 magnae
2141 2786 2209 2839 et
2240 2777 2534 2858 potentis

495 2925 690 2986 quam
721 2911 1015 2985 operatus
1041 2911 1136 2964 est
1164 2901 1234 2964 in
1270 2898 1541 2976 Christo,
1570 2900 1891 2962 suscitans
1917 2922 2061 2963 eum
2091 2922 2169 2964 ex
2196 2901 2488 2964 mortuis.

364 3131 476 3197 καὶ
506 3128 631 3210 ὅση
664 3156 761 3200 τις
791 3129 1127 3215 περιέσται
1159 3133 1388 3212 κτῆσις
1426 3126 1685 3208 ἀγαθῶν
1726 3132 1858 3198 τοῖς
1904 3130 2017 3193 τοῦ
2062 3126 2212 3192 θεοῦ
2255 3124 2463 3206 ἁγίοις
2510 3124 2618 3190 ἐπὶ
2662 3129 2780 3191 τοῦ

362 3235 724 3315 μέλλοντος·
768 3231 1018 3303 αἰῶνος·
1050 3234 1268 3301 καλῶς
1297 3231 1365 3297 δὲ
1396 3230 1628 3314 δόξαν
1656 3231 1775 3314 μὲν
1810 3228 2328 3313 κληρονομίας
2359 3229 2667 3293 ἐκάλεσεν
2698 3226 2780 3298 ὥς

363 3337 444 3402 ἂν
475 3335 786 3419 ἐπιδίξων
816 3335 964 3401 τότε
992 3333 1342 3419 «γινομένων
1372 3332 1565 3417 ἡμῶν*
1597 3337 1936 3399 πλοῦτον
1968 3331 2036 3397 δὲ
2067 3329 2302 3413 δόξης,
2337 3329 2438 3396 ἵνα
2468 3332 2617 3415 εἴπῃ
2649 3333 2778 3396 τῶν
2806 3342 2884 3409 25

362 3437 610 3526 δωρεῶν
639 3439 752 3519 τὴν
781 3436 1180 3524 ὑπερβολήν.

815 3557 847 3608 6
883 3558 1403 3623 incorruptibilitatem
1425 3557 1493 3605 H
1776 3571 1802 3605 2
1810 3572 1837 3619 3
1872 3556 1957 3614 τῆς
1982 3554 2078 3618 (sor
2099 3552 2214 3618 τοῖς)
2243 3555 2326 3603 Cr.

427 3719 476 3762 4.
563 3708 622 3748 ut
691 3701 741 3749 d.
797 3699 1149 3748 donationmn‘
1176 3695 1515 3757 eminentiam]
1618 3700 1718 3745 “et
1764 3695 1860 3744 hoc
1904 3696 2137 3759 explanat
2183 3696 2509 3744 memoranda
2552 3712 2681 3761 quae
2726 3697 2778 3746 in

362 3780 542 3829 Th‹lt.:
563 3778 629 3838 μὴ
644 3780 1055 3836 δωάμενος...τῶν
1073 3779 1257 3839 δωρεῶν
1274 3776 1518 3834 ὑποδεῖξαι
1619 3779 1821 3827 Christo
1860 3778 1989 3826 sacta
2027 3776 2194 3837 sunt,”
2231 3779 2332 3826 and
2379 3779 2497 3827 then
2539 3779 2777 3840 resumes]

361 3862 419 3909 τὸ
455 3864 672 3920 μέγεθος,
719 3857 883 3909 πολλά
920 3862 1046 3908 κατὰ
1082 3858 1258 3907 ταύτόν
1305 3856 1516 3915 ὀνόματα
1618 3869 1668 3910 et
1714 3860 1971 3908 considera
2017 3859 2135 3923 quia
2189 3876 2292 3908 non
2338 3859 2457 3908 <licit
2496 3860 2569 3922 gl.
2616 3861 2775 3907 hcrcd.

362 3945 674 4005 συναθροίζει,
707 3944 855 4001 δεῖξαι
887 3942 1045 3990 ταῦτα
1076 3942 1360 4003 φιλονεικῶν
1391 3943 1515 3990 κατὰ
1614 3943 1842 3992 absolute
1888 3943 1971 3991 sed
2009 3943 2150 3992 diuit.
2186 3944 2257 4004 gl.
2274 3962 2295 3999 ,·
2346 3959 2505 4006 neque
2541 3944 2776 3991 uirtutem

363 4026 577 4083 δύναμιν.
647 4024 724 4071 διὰ
767 4024 910 4071 τοῦτο
961 4024 1173 4072 ἐλπίδα
1229 4025 1508 4081 κλήσεως,
1613 4023 1732 4080 eius,
1783 4023 1869 4070 sed
1916 4038 2075 4085 neque
2126 4038 2292 4082 magn.
2348 4024 2465 4070 uirt.
2518 4023 2632 4080 eius,
2687 4024 2774 4071 sed

363 4109 443 4157 καὶ
498 4105 755 4155 πλοῦτον
814 4109 978 4166 δόξης
1033 4109 1436 4167 κληρονομίας,
1618 4104 1972 4162 vehementius,
2000 4120 2122 4167 qnae
2143 4105 2205 4151 sit
2226 4103 2599 4165 supereminens,
2629 4105 2720 4152 Ere.

361 4191 443 4238 καὶ
462 4190 525 4237 τὰ
549 4190 679 4235 ἄλλα
702 4189 794 4236 ὅσα.
817 4189 1017 4236 τοιαῦτα
1040 4190 1326 4250 συναγείρει.
1688 4201 1765 4235 20.
1827 4184 2180 4246 fortitudinia]
2228 4185 2313 4243 τῆς
2337 4185 2518 4244 ἰσχύος.
2573 4185 2642 4233 So
2664 4184 2773 4233 Hil.

433 4288 450 4320 1
467 4284 509 4318 ι.
563 4273 609 4316 et
628 4270 813 4331 qualia,
843 4270 957 4330 δῖα]
1011 4270 1287 4318 Lansranc:
1316 4269 1415 4316 “id
1442 4275 1516 4316 est
1620 4266 1867 4314 Ambrstr.
1896 4266 1997 4313 and
2022 4265 2106 4313 the
2129 4265 2397 4328 fragments
2423 4265 2683 4330 published
2708 4267 2776 4330 by

363 4351 531 4417 qualia
566 4357 616 4398 et
652 4365 802 4413 quam
841 4366 1024 4413 magna
1059 4367 1174 4413 erga
1213 4366 1303 4398 nos
1341 4349 1427 4413 qui
1465 4348 1516 4395 in
1617 4348 1824 4410 Ziegler,
1856 4363 1906 4410 p.
1939 4359 2044 4408 117,
2075 4358 2124 4393 Β.

362 4450 476 4482 eum
514 4430 760 4480 credimus
798 4431 864 4479 ab
900 4448 961 4480 eo
994 4430 1278 4480 efficientur.
1352 4430 1516 4492 [Here
1688 4443 1765 4476 22.
1831 4443 1890 4476 ex
1936 4427 2162 4487 mortun]
2218 4429 2273 4476 ἐκ
2309 4428 2494 4492 νεκρῶν.
2564 4429 2652 4479 All
2692 4430 2776 4478 the

362 4516 426 4563 he
476 4511 602 4562 adds
654 4511 798 4570 (from
850 4512 969 4569 Th„
1004 4528 1086 4561 sce
1136 4527 1187 4575 p.
1235 4515 1340 4574 138,
1387 4510 1420 4559 l.
1465 4512 1514 4570 π)
1621 4510 1766 4558 Latin
1793 4508 2080 4557 authorities
2104 4508 2270 4571 givea
2296 4518 2436 4558 mort.
