3293 5233
513 2173 582 2238 15

614 364 744 430 244

1271 365 1728 419 THEODORUS
1775 365 2359 420 MOPSUESTENUS

2702 355 2848 440 [IV.
2888 372 2936 433 1,
2967 369 3018 416 2.

615 534 1028 617 propositum
1081 538 1387 602 est—sed
1441 540 1758 620 quoniam
1812 539 2154 623 coniungit
2193 539 2328 604 sibi
2375 561 2494 623 per
2545 541 2659 606 illa
2707 537 3021 605 beneficia

615 641 788 720 'quae
818 638 945 703 illis
974 640 1263 722 praebet,
1290 642 1385 705 ita
1407 652 1483 706 ut
1503 643 1731 707 omnia
1758 643 1846 706 ad
1878 643 2064 707 illum
2096 644 2451 727 inspiciant
2480 646 2670 727 quasi
2700 645 3022 728 principa-

615 752 829 807 torem
860 753 929 809 et
959 754 1295 809 auctorem
1319 745 1661 809 bonorum.
1736 747 1870 810 tale
1899 757 2002 811 est
2032 757 2100 812 et
2122 747 2285 811 illud
2316 749 2497 830 quod
2526 749 2614 812 ad
2648 748 3023 814 Corinthios

615 849 935 931 scriptum
984 860 1126 914 est:
1187 862 1337 915 tunc
1378 851 1508 934 ipse
1547 851 1767 915 Filius
1807 850 2105 915 subditus
2144 851 2274 915 erit
2289 873 2320 925 ,·
2384 871 2517 914 non
2567 853 2725 935 quia
2765 852 3020 924 seruiet,

501 967 581 1035 [5
617 951 735 1013 sed
789 961 1017 1015 manet
1067 954 1456 1016 coniunctus
1505 952 1597 1016 illi
1648 974 1765 1035 per
1816 974 1886 1017 se
1933 955 2162 1018 omnia
2199 955 2668 1021 ‚offerens—de
2717 962 3024 1035 suscepto

616 1050 885 1117 homine
917 1054 1043 1117 ista
1074 1055 1315 1119 dicens,

1405 1054 1645 1118 deinde
1679 1054 1899 1120 firmat
1928 1056 2465 1120 exhortationem
2497 1057 2986 1120 consolatione:

747 1226 962 1311 itaque
971 1228 1236 1310 fratres
1267 1229 1396 1292 mei
1413 1229 1743 1293 carissimi
1767 1240 1831 1294 et
1856 1221 2455 1312 desiderantissimi,
2467 1233 2794 1317 gaudium
2819 1251 3026 1296 meum

614 1342 677 1394 et
702 1352 931 1396 corona
963 1354 1120 1411 mea,
1146 1334 1240 1397 sic
1263 1344 1429 1398 state
1458 1333 1529 1397 in
1560 1333 1860 1410 Domine,
1894 1335 2237 1399 carissimi.

747 1470 874 1535 hoc
918 1480 1035 1548 est,
1086 1471 1236 1534 ‘tali
1282 1470 1485 1533 modo
1524 1471 2044 1535 conuersamini.'

2134 1473 2427 1537 ostendit
2459 1475 2524 1538 in
2557 1473 2676 1551 his,
2708 1473 3026 1556 quoniam

514 1591 592 1640 10
618 1575 901 1639 multum
935 1596 1049 1639 eos
1079 1574 1397 1658 diligebat
1420 1584 1489 1638 et
1520 1574 1960 1638 uenerabatur
1986 1577 2175 1658 quasi
2209 1577 2583 1655 industrios
2618 1578 3029 1642 ‘carissimos

617 1688 684 1744 et
729 1678 1404 1742 desiderantissimos’
1451 1678 1683 1742 fratres
1729 1699 2117 1761 nuncupans
2163 1701 2294 1758 e05,
2328 1691 2394 1746 et
2444 1684 2793 1765 ‘gaudium
2833 1703 3026 1747 suum

615 1791 683 1845 et
735 1779 1083 1844 coronam’
1137 1801 1251 1843 eos
1314 1800 1459 1844 esse
1518 1781 2004 1889 pronuncian33
2073 1790 2141 1846 et
2193 1785 2502 1847 omnibus
2554 1784 2682 1848 illis
2734 1785 3029 1848 adiciens

599 1870 883 1947 =iterauit
911 1882 1255 1946 carissimi.

746 2033 815 2094 E
818 2033 1079 2096 uodiam
1110 2054 1261 2115 rogo
1288 2043 1352 2096 et
1381 2032 1739 2115 Synzyclzen
1768 2034 2008 2097 obsecro
2039 2033 2322 2115 idipsum
2349 2047 2567 2117 sapere
2596 2035 2667 2098 in
2698 2035 2999 2099 Domino,

746 2166 1072 2244 †euidens
1103 2178 1219 2244 est,
1253 2170 1567 2250 quoniam
1606 2179 1674 2232 et
1717 2171 1900 2251 ipsae
1939 2170 2258 2233 aduersus
2302 2170 2689 2235 alterutram
2735 2173 3026 2238 decerta-

744 2404 947 2488 δῆλον
984 2402 1086 2471 ὅτι
1135 2407 1245 2473 καὶ
1294 2406 1486 2474 αἷται
1524 2410 1686 2496 πρὸς
1735 2407 2035 2491 ἀλλήλας
2079 2406 2470 2489 ἐστασίαζον
2508 2406 2661 2494 περὶ
2697 2404 3028 2495 πρωτείων

713 2586 745 2639 6
778 2587 1169 2639 consolationem
1195 2590 1255 2639 H
1272 2590 1341 2653 [et
1367 2590 1755 2640 consolationem
1780 2590 1832 2638 in
1855 2588 2079 2655 sequenti
2103 2589 2267 2654 capite
2291 2588 2340 2651 r]

1396 2686 1421 2734 7
1457 2680 1506 2721 et
1532 2672 1639 2735 (bes
1644 2672 1818 2737 gaud.)
1839 2671 1944 2720 add
1966 2673 2009 2719 C
2028 2674 2173 2732 (corr)
2204 2670 2211 2734 Ι
2242 2687 2408 2719 meum
2435 2669 2532 2735 (ast
2550 2671 2718 2734 gaud.)
2741 2687 2820 2719 om
2850 2672 2892 2721 C
2907 2687 2920 2719 ε
2954 2679 3030 2720 txt

616 2669 744 2731 simi,
774 2670 1059 2719 karissimos
1087 2672 1130 2720 C
1148 2673 1217 2720 H

616 2750 682 2798 H
697 2765 730 2798 r
926 2766 982 2801 η
1017 2753 1219 2801 adicens
1241 2754 1309 2802 H

1500 2768 1557 2813 ¹4
1592 2751 1920 2811 Euchodian1,
1962 2751 2187 2801 Sinticen
2216 2752 2258 2800 C
2322 2750 2559 2812 Synticen
2581 2751 2648 2798 H

619 2831 732 2895 (fhr
762 2832 1018 2896 quoniam)
1044 2834 1108 2882 H
1126 2831 1135 2898 Ι
1165 2833 1454 2883 alterutrum
1483 2835 1525 2883 C
1587 2833 1798 2881 alterum
1821 2833 1907 2880 H:
1942 2838 2020 2880 txt
2042 2848 2074 2879 r

2521 2601 2564 2651 7,
2595 2590 2643 2645 8,
2675 2602 2748 2648 1ο,
2782 2602 2840 2651 13
2875 2588 3026 2638 karis-

2841 2765 2897 2813 15
2931 2767 3029 2816 quo

2295 2830 2353 2880 16
2377 2847 2450 2895 sq.
2487 2831 2643 2880 Coisl.
2673 2846 2784 2892 204.
2820 2829 2853 2882 f.
2889 2847 2978 2896 135
3001 2848 3030 2881 a

620 2917 724 2979 [Cr.
750 2918 812 2967 vi.
846 2921 957 2978 281,
990 2918 1070 2966 Fr.
1109 2915 1221 2980 140]
1288 2917 1439 2966 ἄλλος
1461 2918 1513 2964 δέ
1535 2923 1705 2976 φησιν*
1739 2916 1900 2973 δῆλον,
1924 2917 2072 2964 κ.τ.λ.

622 3085 871 3145 ὑποτάξαι,
916 3084 1042 3133 ὥστε
1084 3085 1164 3131 καὶ
1207 3087 1295 3143 τὴν
1339 3083 1525 3143 φθορὰν
1571 3085 1652 3129 καὶ
1695 3083 1779 3129 τὸν

621 3167 845 3213 θάνατον·
870 3167 1059 3224 μᾶλλον
1079 3166 1129 3213 δὲ
1150 3166 1246 3211 ἀπὸ
1270 3165 1354 3222 τῆς
1377 3165 1520 3222 αὐτῆς
1545 3164 1781 3223 δυνάμεως

622 3248 700 3293 καὶ
725 3248 866 3292 τοῦτο
891 3246 1032 3292 ποιεῖ.

689 3343 735 3389 3.
793 3329 889 3376 talc
909 3335 974 3376 est
996 3328 1257 3375 illud...ad
1280 3327 1581 3388 Corinthios]
1622 3342 1639 3373 1
1663 3326 1778 3374 Cor.

623 3427 701 3460 xv.
734 3412 810 3457 28.
880 3409 1111 3456 Suhditets
1136 3408 1401 3465 (subieclus,
1434 3407 1605 3470 Vulg.)
1630 3407 1673 3455 is
1696 3407 1780 3455 the

625 3492 830 3552 reading
863 3489 920 3537 of
950 3487 1216 3538 Sabatier's
1253 3490 1403 3537 MSS.
1486 3487 1630 3536 Th.‘s
1666 3504 1779 3536 own

625 3578 875 3620 comment
909 3586 976 3617 on
1018 3585 1035 3617 1
1069 3571 1184 3618 Cor.
1209 3570 1243 3618 l.
1273 3586 1310 3618 c.
1341 3569 1382 3616 is
1405 3569 1535 3627 lost3
1568 3570 1655 3618 the
1687 3568 1778 3617 fol-

625 3653 810 3715 lowing
835 3653 874 3700 is
900 3650 1130 3700 Thdt.'s:
1166 3652 1229 3699 τὰ
1262 3652 1470 3713 ἡμέτερα
1505 3654 1778 3708 οἰκειοῦται,

625 3738 885 3795 ἐπειδήπερ
909 3735 1053 3782 αὑτοῦ
1075 3736 1428 3796 χρηματίζομεν
1454 3735 1608 3792 σῶμα,
1641 3735 1781 3781 αὐτὸς

627 3818 677 3864 δὲ
694 3813 822 3873 ἡμῶν
836 3815 1112 3872 ὀνομάζεται
1128 3814 1334 3872 κεφαλή·
1353 3812 1494 3861 οὕτως
1505 3815 1598 3861 καὶ.
1610 3851 1619 3861 .
1632 3812 1782 3870 ,ἡμῶν

625 3900 751 3955 μετὰ
783 3899 870 3955 τὴν
903 3897 986 3954 τῆς
1020 3895 1201 3954 φθορᾶς
1236 3894 1531 3952 ἀπαλλαγὴν
1571 3893 1780 3941 ὑποτασ·

629 3981 837 4036 σομίνων
863 3980 1001 4026 αὐτὸς
1023 3978 1219 4035 λέγεται
1241 3974 1618 4025 ὑποτάσσεσθαι.

693 4074 737 4122 7.
780 4058 1236 4118 desiderantissimi]
1248 4078 1292 4097 =
1302 4058 1754 4106 desiderandissimi
1766 4073 1779 4115 ;

624 4145 686 4192 cf.
716 4140 932 4199 Ronsch,
961 4139 1113 4197 Itala,
1146 4154 1228 4201 pp.
1257 4136 1465 4199 456—7.
1538 4139 1606 4185 So
1637 4137 1774 4197 Am„

628 4222 775 4270 Fuld.

700 4319 714 4351 1
729 4317 772 4363 3.
820 4302 1023 4351 itcrauit
1049 4300 1308 4361 carissimi]
1371 4300 1466 4349 Th.
1479 4300 1515 4347 's
1539 4308 1641 4348 text
1665 4300 1780 4348 thus

626 4372 863 4447 e'ertainly
887 4384 1146 4432 contained
1177 4383 1259 4431 the
1292 4383 1475 4431 second
1512 4382 1774 4443 ἀγαπητοί,

627 4466 788 4514 which
826 4466 865 4512 is
905 4466 1122 4526 wanting
1161 4465 1211 4513 in
1248 4481 1383 4513 some
1421 4464 1478 4512 os
1510 4465 1594 4513 the
1632 4462 1779 4512 Latin

1877 3079 2181 3130 authorities
2263 3080 2340 3130 Cs.
2381 3081 2465 3130 the
2503 3081 2699 3130 remark
2739 3082 2797 3131 of
2830 3083 3030 3133 Grotius

1878 3160 2030 3219 (cited
2053 3161 2120 3223 by
2145 3160 2360 3224 Meyer):
2401 3163 2436 3185 “
2453 3163 2722 3223 περιπαθὴς
2747 3161 2874 3214 haec
2895 3164 3029 3213 uocis

1877 3241 2022 3290 huius
2046 3239 2317 3303 ἀναφορά.”

1950 3340 2024 3384 14.
2093 3320 2465 3385 rogo...obsecro]
2515 3324 2785 3385 παρακαλῶ
2879 3342 3028 3389 παρα-

1879 3407 2028 3453 καλῶ.
2095 3406 2205 3454 The
2229 3405 2376 3468 Vulg.
2397 3405 2503 3455 also
2521 3414 2757 3470 attempts
2775 3414 2829 3457 to
2847 3419 3027 3459 correct

1879 3486 1962 3534 the
1986 3485 2244 3548 tautology
2264 3504 2277 3535 ε
2317 3488 2330 3509 ⁴
2341 3488 2354 3509 ‘
2368 3501 2528 3548 rogo..
2539 3485 2850 3549 .deprecor.''

1949 3580 2023 3629 15.
2093 3567 2225 3629 ipsae
2267 3567 2501 3615 aduersus
2554 3568 2870 3630 alterutram,
2920 3569 3029 3632 δια]

1880 3648 2054 3710 Meyer
2086 3664 2152 3697 on
2186 3663 2232 3696 c.
2267 3649 2331 3696 iv.
2363 3663 2387 3696 α
2422 3648 2674 3697 remarks:
2715 3650 3030 3701 “Theodore

1877 3731 1934 3779 os
1953 3730 2261 3793 Mopsuestia
2284 3737 2458 3793 quotes
2482 3730 2566 3779 the
2588 3731 2797 3795 opinion
2821 3733 2928 3784 that
2953 3735 3031 3784 the

1877 3820 1979 3859 two
2014 3826 2140 3859 were
2174 3810 2401 3859 husband
2431 3811 2528 3859 and
2553 3809 2722 3862 wise.'’
2786 3814 2898 3863 The
2920 3815 3031 3863 mis-

1878 3895 1993 3943 take
2028 3893 2070 3942 is
2102 3894 2202 3943 due
2235 3902 2287 3942 to
2321 3893 2405 3942 the
2439 3893 2536 3942 fact
2569 3893 2677 3942 that
2712 3893 2765 3943 in
2789 3894 3032 3945 Cramer’s

1878 3987 2053 4026 catena
2076 3976 2218 4026 Th-’s
2241 3985 2491 4026 comment
2513 3992 2579 4025 on
2601 3993 2650 4025 v.
2672 3993 2700 4041 3
2728 3977 2830 4038 (see
2853 3979 3027 4040 beloW,

1879 4075 1929 4122 p.
1958 4057 2068 4120 246)
2102 4057 2142 4106 is
2173 4057 2404 4106 followed
2435 4057 2644 4107 without
2674 4059 2830 4108 break
2862 4061 2932 4124 by
2952 4061 3034 4110 the

1879 4139 2042 4187 words
2087 4141 2212 4188 τινὲς
2257 4139 2308 4187 δὲ
2344 4139 2546 4186 Εὐοδίαν
2589 4139 2740 4198 φασιν
2784 4141 2908 4188 εἶναι
2953 4139 3039 4200 τὴν

1875 4224 2082 4282 γυναῖκα
2105 4224 2189 4269 τοῦ
2210 4222 2588 4282 δεσμοφύλακας,
2604 4221 2858 4282 Συντύχην
2880 4223 2934 4270 δέ
2956 4225 3038 4272 τὸν

1878 4301 2040 4364 ἄνδρα.
2111 4302 2237 4351 This
2259 4310 2489 4352 sentence
2511 4301 2745 4351 however
2767 4302 2809 4352 is
2832 4318 2968 4353 none
2989 4303 3045 4352 of

1879 4384 2200 4443 Theodore'S,
2230 4400 2284 4433 as
2308 4385 2392 4433 the
2417 4383 2566 4432 Latin
2590 4384 2786 4432 version
2809 4384 2993 4434 shewS.
