3293 5233
366 416 446 480 V.
489 429 581 488 12,
624 412 741 496 13.]
1186 424 1266 474 IN
1317 424 1422 475 ΕΡ.
1465 424 1569 474 AD
1615 424 1967 478 GALATAS.
2691 426 2774 490 93

362 597 729 661 secundum
796 594 1137 660 Christum
1203 604 1361 659 sunt
1422 595 1980 677 interceptionem
2043 592 2293 659 faciunt
2346 592 2530 676 legiS,
2591 593 2778 656 euius

367 697 505 760 uim
542 696 844 761 obtinere
877 697 1139 759 uidetur
1175 695 1629 772 circumcisi03
1676 697 2103 760 exaestuauit
2151 697 2245 759 ira
2286 704 2506 759 motus
2545 704 2777 758 eontra

367 799 516 863 illos
569 799 873 864 homines
926 800 1039 882 qui
1088 820 1211 883 pro
1263 798 1470 863 nihilo
1522 798 2041 863 sollicitudinem
2108 799 2491 883 expendere
2538 818 2776 882 prope-

368 914 563 969 rant:

499 1064 756 1129 utinam
783 1073 848 1128 et
873 1064 1295 1128 abscidantur
1320 1065 1438 1147 qui
1464 1064 1848 1128 conturbant
1875 1087 2002 1129 uos.
2808 1067 2838 1132 5

500 1216 620 1280 ‘ad
668 1215 941 1299 plenum
999 1213 1270 1297 (inquit)
1318 1214 1374 1277 si
1428 1213 1717 1278 salutem
1772 1214 1966 1279 nobis
2015 1223 2084 1279 et
2136 1214 2610 1298 perfectionem
2662 1235 2778 1297 per

372 1319 711 1384 Christum
773 1318 1007 1382 adesse
1081 1337 1443 1401 speramuS,
1513 1326 1582 1381 et
1649 1319 1940 1401 corporis
2003 1317 2308 1382 friuolam
2369 1319 2775 1382 excisionem
2880 1346 2887 1351 ’

373 1424 623 1486 bonum
655 1420 814 1502 quid
849 1441 994 1483 esse
1041 1420 1356 1493 iudicant,
1395 1419 1599 1483 etiam
1641 1419 1900 1502 integra
1941 1420 2242 1484 membra
2285 1420 2605 1503 genitalia
2651 1420 2777 1481 sibi

370 1525 703 1601 excidant,
737 1536 810 1588 ut
842 1527 1124 1588 maiores
1157 1524 1516 1608 adquIrant
1549 1523 1780 1601 lucros‚
1813 1526 1867 1588 si
1914 1535 2141 1590 tamen
2189 1525 2404 1589 earnis
2437 1525 2778 1588 excisione

373 1630 579 1693 iuuaxi
612 1651 681 1693 se
715 1623 1146 1692 existimant.’
2815 1631 2892 1678 10

502 1742 567 1796 et
600 1734 683 1795 ad
717 1732 990 1816 plenum
1022 1731 1172 1814 quis
1204 1731 1628 1795 considerans
1664 1730 1778 1793 illa
1814 1751 1985 1812 quae
2020 1731 2084 1794 in
2130 1729 2255 1794 hac
2287 1739 2442 1794 sunt
2474 1729 2776 1813 epistola,

372 1845 512 1899 tam
547 1855 718 1916 quae
750 1845 942 1897 extra
974 1833 1434 1917 probationem
1479 1842 1653 1907 sunt,
1686 1834 1828 1895 siue
1860 1832 1946 1894 ad
1987 1831 2264 1897 Galatas
2307 1832 2486 1896 dicta
2519 1833 2659 1894 siue
2691 1830 2777 1893 ad

373 1938 805 2011 aduersarios,
839 1937 1128 1998 inueniet
1162 1936 1439 1999 densam
1483 1956 1631 1998 eam
1680 1957 1824 1998 esse
1870 1946 1937 1998 et
1968 1957 2199 2000 sensus
2244 1938 2565 1999 uarietate
2598 1934 2779 1998 illus·

370 2050 660 2118 tratam;
713 2059 886 2102 nunc
919 2038 1190 2120 quidem
1240 2038 1387 2115 ista,
1420 2058 1594 2101 nunc
1642 2060 1801 2101 uero
1845 2040 1957 2102 illa
1989 2040 2341 2104 dicentem.
2415 2040 2596 2121 quod
2630 2060 2778 2121 pro-

371 2143 590 2226 prium
637 2152 738 2205 est
785 2140 1047 2202 illorum
1090 2139 1203 2221 qui
1252 2139 1636 2216 irascuntur,
1672 2142 1766 2203 ita
1812 2151 1883 2204 ut
1915 2151 1982 2204 et
2025 2142 2237 2206 multa
2268 2142 2680 2223 contingant,
2712 2150 2778 2202 et
2819 2146 2885 2211 15

370 2247 597 2311 omnia
645 2245 1023 2327 frequenter
1074 2252 1141 2306 et
1187 2242 1662 2324 compendiose
1705 2244 1950 2318 dicant,
1983 2244 2167 2308 nullo
2214 2245 2278 2308 in
2325 2244 2471 2308 loeo
2510 2262 2778 2306 sensum

370 2351 745 2416 dilatantes,
839 2349 1074 2411 beatus
1137 2367 1294 2409 uero
1358 2345 1599 2409 Paulus
1662 2346 1982 2410 inuehens
2040 2369 2112 2411 se
2160 2348 2555 2411 aduersariis
2604 2346 2780 2410 suffi-

371 2453 636 2530 cienter,
668 2452 754 2515 ad
801 2449 1339 2514 exhortationem
1397 2446 1789 2511 Galatarum
1845 2450 2133 2524 recurrit,
2177 2449 2538 2531 perfectam
2585 2468 2783 2530 super

372 2555 728 2620 uirtutibus
775 2551 1021 2616 faciens
1068 2550 1154 2615 ad
1199 2550 1346 2614 illos
1390 2551 1786 2629 doctrinam,
1836 2552 1928 2616 ita
1976 2561 2048 2616 ut
2094 2554 2408 2616 ostendat
2455 2554 2549 2616 eis
2598 2551 2777 2635 quod

370 2659 497 2723 hoc
546 2659 761 2722 multo
809 2657 1031 2739 aptius
1080 2655 1207 2718 illis
1263 2656 1744 2731 esse-uidetur,
1776 2658 1890 2739 qui
1940 2677 2073 2720 non
2120 2658 2244 2720 sub
2290 2656 2456 2739 lege,
2488 2657 2605 2720 sed
2654 2656 2779 2719 sub
2809 2666 2894 2715 20

369 2762 585 2844 gratia
618 2760 862 2826 Christi
896 2766 1386 2823 conuersantur.
1476 2759 1827 2841 disputans
1866 2780 2025 2822 uero
2060 2759 2146 2823 ad
2189 2780 2303 2823 eos
2344 2760 2430 2822 de
2470 2758 2573 2821 his
2605 2779 2778 2840 quae

373 2864 494 2927 sibi
544 2865 841 2927 maxime
889 2862 1234 2925 imminere
1281 2862 1573 2936 uidebat,
1610 2865 1703 2926 ita
1751 2873 1823 2927 ut
1869 2884 1973 2926 res
2012 2865 2157 2946 ipsa
2202 2863 2539 2944 exigebat,
2573 2863 2777 2925 etiam

371 2976 438 3029 et
470 2967 765 3030 caritatis
798 2966 1000 3028 uerba
1032 2965 1414 3047 permiscuit
1440 2986 1459 3049 ².

500 3144 613 3186 nos
640 3132 874 3196 autem,
891 3122 1172 3203 fratres,
1204 3122 1276 3184 in
1308 3121 1669 3185 libertatem
1701 3124 1913 3185 uocati
1938 3123 2104 3186 estis.

501 3259 757 3343 optime
803 3259 891 3322 ab
923 3258 1052 3321 illis
1084 3279 1255 3340 quae
1296 3266 1454 3321 ante
1495 3279 1535 3322 a
1566 3280 1637 3322 se
1682 3258 1941 3322 fuerant
1985 3269 2253 3323 ostensa
2295 3258 2781 3322 exhortationis
2811 3270 2845 3315 2
2858 3267 2887 3333 5

372 3364 654 3446 sumpsit
708 3361 1121 3445 principium.
1215 3361 1464 3424 ‘uocati
1514 3360 1785 3444 (inquit)
1848 3362 2019 3439 estis,
2084 3373 2157 3426 ut
2221 3361 2580 3445 participes
2636 3362 2779 3423 sitis

372 3465 728 3532 libertatis}
806 3475 872 3530 et
904 3464 1305 3527 confirmans
1338 3463 1591 3528 dietum
1625 3486 1822 3529 suum
1851 3489 1865 3529 ε
1981 3461 1991 3472 ’

474 3663 495 3700 1
533 3647 721 3698 faciunt
742 3664 818 3696 om
845 3647 909 3696 H
1113 3662 1140 3695 α
1178 3646 1301 3694 iram
1325 3646 1392 3695 H
1579 3663 1606 3710 5
1642 3648 1960 3699 abscidentur
1989 3649 2031 3700 C
2046 3648 2074 3674 ⁴*
2301 3667 2357 3713 1⁴
2392 3651 2590 3701 dicente
2618 3652 2662 3700 C
2674 3650 2700 3675 ⁴*
2727 3652 2790 3699 H

378 3745 437 3796 19
467 3731 532 3780 ad
559 3730 672 3779 illos
692 3746 771 3779 om
792 3728 861 3778 H

438 3892 483 3941 5.
550 3874 889 3935 abscidantur]
947 3875 1016 3924 So
1047 3874 1110 3923 Ο.
1138 3873 1196 3922 L.
1224 3873 1524 3935 (Sabatier);
1627 3860 1768 3910 Th-'s
1783 3863 2100 3925 explanation
2125 3879 2179 3912 as
2201 3879 2264 3911 an
2282 3863 2605 3915 altemative:
2632 3869 2776 3927 “uel,

369 3959 542 4023 vulg„
569 3957 940 4007 abscindantur,
1627 3943 1818 3992 utinam
1854 3944 1969 3993 totis
2002 3944 2167 4010 potius
2201 3945 2423 3994 uirilibus
2447 3947 2545 3995 suis
2568 3957 2781 3996 castren·

435 4044 484 4090 8.
560 4041 706 4089 etiam
729 4038 920 4102 integra
944 4035 1178 4097 membra]
1229 4035 1406 4085 Thdt.:
1431 4037 1527 4085 ετθς
1628 4022 1755 4074 tur.'’
1802 4026 2064 4083 Lansranc,
2090 4042 2154 4075 on
2180 4027 2264 4075 the
2281 4028 2424 4075 other
2440 4027 2588 4086 hand,
2610 4029 2783 4078 allows

370 4124 446 4171 καὶ
472 4123 637 4170 τέλεον
658 4121 878 4180 ἐξέτεμον
900 4119 1108 4167 ἑαυτούς.
1178 4117 1249 4165 So
1289 4118 1405 4164 “all
1442 4117 1525 4166 the
1627 4108 1748 4170 only
1785 4107 1868 4156 the
1906 4108 2261 4172 metaphorical
2307 4123 2479 4156 sense:
2527 4110 2629 4158 “id
2675 4119 2778 4159 est:

371 4205 536 4254 Greek
572 4208 973 4256 commentatos,
1011 4200 1037 4248 1
1073 4198 1282 4255 believe,
1316 4199 1524 4248 without
1628 4187 2012 4236 eunuchizentur
2041 4203 2071 4235 a
2106 4188 2248 4236 malis
2281 4185 2551 4236 moribus-'⁹

370 4287 660 4350 exception;
695 4283 779 4332 the
819 4282 968 4330 Latin
1009 4281 1207 4340 fathers,
1252 4281 1368 4328 who
1407 4282 1525 4330 read
1694 4283 1742 4332 9·
1797 4265 1978 4329 lucrm]
2015 4266 2093 4316 Cf·
2134 4266 2350 4326 Ro'nsch,
2392 4268 2541 4326 Itala,
2584 4284 2633 4332 p.
2665 4269 2774 4320 268.

375 4363 789 4417 ‘abscindantur'
824 4363 877 4412 in
918 4362 1047 4410 their
1084 4367 1203 4421 text,
1247 4360 1348 4409 had
1391 4376 1527 4409 more
1696 4365 1775 4412 24·
1834 4365 1918 4398 2¹05
1950 4350 2131 4410 aulem]
2185 4350 2309 4407 ὑμεῖς
2345 4349 2409 4398 δέ.
2499 4351 2608 4400 The
2634 4351 2781 4401 Latin

370 4444 617 4497 latitude”
670 4446 771 4504 (Dr
826 4441 1118 4506 Lightfoot).
1209 4442 1305 4490 See
1362 4443 1424 4501 (e.
1455 4441 1527 4504 g.)
1630 4430 1920 4481 authorities
1949 4431 2115 4479 follow
2149 4432 2231 4480 the
2265 4431 2471 4494 reading
2507 4420 2633 4491 ιἸμεῖς
2666 4435 2779 4494 γάρ,

374 4528 602 4590 Pelagius
631 4525 703 4574 ad
725 4526 775 4577 h.
804 4525 838 4575 Ι.
914 4522 1146 4573 Sedulius
1182 4522 1359 4572 Scotus
1392 4521 1529 4583 gives
1632 4515 1730 4564 and
1755 4530 1810 4563 so
1834 4513 1986 4561 det.
2011 4514 2081 4561 ad
2098 4514 2146 4561 h.
2170 4514 2208 4562 l.
