3293 5233
345 390 425 454 V.
459 407 560 474 23,
593 390 702 477 24]
1215 404 1297 455 m
1347 405 1450 454 ΕΡ.
1497 405 1599 455 An
1645 404 1998 457 GALATAS.
2646 407 2757 455 101

345 593 476 637 non
511 583 666 639 sunt
696 574 809 638 illa
841 596 1013 658 quae
1055 595 1325 639 mouere
1370 594 1779 658 quemquam
1825 575 2098 658 possint.
2193 574 2560 638 necessarie
2602 592 2760 655 ergo

343 677 690 740 caritatem
724 678 1123 759 anteposuit.
1214 677 1582 740 secundum
1614 685 2037 760 praesentem
2070 676 2247 740 enim
2281 677 2491 740 uitam
2524 675 2578 737 si
2611 676 2760 757 quis

342 778 468 841 sub
509 777 679 842 hanc
714 799 858 842 esse
903 779 1204 853 uoluerit,
1255 781 1457 842 etiam
1499 787 1719 842 cetera
1764 777 2077 842 facillime
2125 780 2370 860 poterit
2423 775 2760 857 expedire.

343 880 412 944 in
460 881 681 945 futuro
725 882 993 946 saeculo
1039 883 1281 945 caritas
1328 883 1552 947 omnia
1599 903 1824 946 secum
1873 882 2100 964 habet,
2146 881 2563 945 cessantibus
2600 889 2761 946 tunc

343 986 652 1048 omnibus
694 985 917 1063 nobis;
963 986 1260 1050 laborem
1299 985 1382 1048 ad
1426 987 1749 1049 uirtutum
1807 986 2331 1068 inoperationem
2383 985 2623 1051 inicere
2674 986 2763 1050 ad
2837 1005 2869 1071 5

344 1108 653 1169 praesens
696 1090 978 1153 uidetur.
1074 1090 1244 1153 bene
1277 1110 1436 1171 ergo
1466 1090 1645 1153 carni
1679 1090 1933 1172 ‘opera'
1975 1089 2253 1170 aptauit,
2285 1110 2366 1152 eo
2408 1091 2587 1172 quod
2623 1099 2691 1155 et
2722 1112 2764 1156 a

343 1192 536 1254 nobis
586 1191 698 1255 illa
744 1204 1032 1275 aguntur
1048 1216 1064 1271 ;
1112 1192 1432 1275 Spiritum
1480 1213 1637 1256 uero
1689 1193 1931 1267 dicenS,
1980 1192 2342 1256 ‘fructum’
2390 1193 2630 1276 posuit,
2681 1217 2761 1259 eo

342 1293 522 1373 quod
554 1296 769 1376 gratia
801 1304 1146 1377 tamquam
1179 1295 1426 1359 fructus
1459 1295 1720 1379 aliquos
1751 1317 1870 1379 per
1901 1295 2188 1378 Spiritus
2220 1295 2758 1378 cooperationem

345 1395 458 1458 illa
489 1396 765 1480 adsequi
797 1419 1170 1480 possumus,
1263 1419 1384 1461 nec
1416 1399 1592 1462 enim
1642 1401 1765 1483 ipsi
1809 1398 2176 1481 aliquando
2217 1388 2583 1463 secundum
2634 1422 2758 1464 nos

346 1499 524 1581 ipsos
556 1501 818 1564 uirtutis
850 1522 1051 1583 opera
1084 1502 1398 1584 perficere
1430 1524 1785 1585 possumus
1812 1525 1827 1582 ;
1874 1505 2068 1567 sicuti
2103 1524 2224 1567 nec
2256 1503 2506 1567 fructus
2540 1513 2755 1570 terrae
2796 1528 2872 1575 10

345 1601 619 1685 adsequi
653 1606 999 1686 possimuS,
1033 1607 1235 1669 etiam
1272 1605 1325 1667 si
1359 1605 1644 1669 multum
1680 1606 2079 1682 laboremus,
2114 1606 2168 1668 si
2204 1627 2335 1668 non
2374 1607 2559 1669 Deus
2593 1607 2756 1670 dare

346 1704 497 1768 illos
558 1706 753 1772 fuerit
805 1710 1137 1793 dignatus,
1228 1708 1474 1771 deinde
1535 1709 1764 1772 dicens
1826 1708 1940 1772 illa
1998 1729 2172 1790 quae
2230 1718 2388 1773 sunt
2449 1708 2755 1792 SpirituS,

346 1812 525 1894 quod
559 1822 625 1876 et
657 1813 868 1877 multa
898 1813 1338 1876 demiratione
1372 1811 1680 1896 [dignum
1714 1812 1840 1895 est]
1876 1812 2121 1876 adicit:

473 1971 788 2034 aduersus
814 1970 1191 2035 huiusmodi
1216 1992 1341 2034 non
1370 1980 1466 2035 est
1492 1971 1604 2036 lex.
1664 2055 1669 2060 .

475 2124 647 2186 quae
683 2105 859 2168 enim
908 2106 1031 2170 erit
1072 2096 1186 2170 lex
1230 2105 1553 2169 aduersus
1591 2106 1792 2180 bona,
1821 2104 2190 2168 excludens
2234 2104 2361 2168 ea?
2450 2103 2752 2187 alioquin
2796 2119 2864 2185 ις

331 2207 518 2271 iusta
573 2208 829 2272 ratione
882 2228 1014 2271 non
1061 2208 1174 2286 lex,
1222 2209 1341 2272 sed
1384 2210 1608 2292 potius
1659 2209 1973 2291 iniquitas
2019 2209 2345 2271 eiusmodi
2394 2210 2755 2286 uocabitur,

335 2312 615 2396 quando
677 2311 784 2375 uel
858 2313 1156 2377 maxime
1231 2313 1443 2376 bonos
1503 2312 1815 2395 prohibet
1874 2320 2080 2376 actus,
2206 2312 2303 2375 sic
2364 2332 2483 2394 per
2533 2313 2759 2375 omnia

341 2416 641 2479 ostendit
695 2423 761 2479 et
811 2414 1126 2478 uirtutem
1182 2416 1396 2498 magis
1449 2425 1830 2496 competere
1885 2423 2152 2477 nostrae
2206 2413 2642 2496 promissioni,
2694 2422 2762 2476 et

343 2518 526 2600 quod
559 2518 685 2581 sub
725 2515 873 2601 lege
903 2518 1077 2582 ultra
1115 2538 1260 2581 esse
1302 2538 1437 2581 non
1481 2536 1875 2600 possumu53
1923 2537 2003 2579 eo
2050 2516 2232 2598 quod
2271 2536 2395 2579 nec
2432 2513 2762 2598 possimus

345 2623 413 2685 in
450 2621 670 2686 futuro
701 2623 970 2687 saeculo
1011 2643 1305 2705 peccare,
1342 2624 1406 2686 in
1447 2623 1632 2687 cuius
1674 2643 1963 2704 superna
2009 2623 2141 2685 iam
2186 2642 2360 2684 nunc
2406 2623 2765 2685 consistere
2796 2635 2879 2682 20

346 2725 670 2803 uidemur,
720 2748 800 2790 eo
848 2729 1030 2810 quod
1084 2736 1151 2790 et
1201 2726 1517 2809 possibile
1571 2728 1659 2790 sit
1708 2738 1776 2790 et
1826 2728 1893 2789 in
1944 2727 2274 2809 praesenti
2324 2727 2463 2789 uita
2510 2748 2631 2790 nos
2680 2729 2766 2791 ab

346 2829 531 2890 omni
587 2828 886 2911 legitima
932 2830 1406 2893 obseruatione
1458 2851 1604 2894 esse
1667 2850 1952 2905 secur05,
2000 2839 2487 2911 consequenter
2547 2829 2762 2891 inten-

345 2934 515 2996 tioni
549 2945 816 2997 nostrae
848 2934 961 2998 illa
993 2943 1272 3017 agentes
1305 2955 1476 3014 quae
1510 2955 1627 3016 per
1658 2935 2006 2996 caritatem
2040 2933 2299 3015 impleri
2345 2932 2765 2996 conueniunt.

348 3036 530 3099 unde
561 3047 629 3100 et
661 3037 896 3101 adicit:

482 3188 591 3251 illi
615 3199 828 3252 autem
858 3190 977 3272 qui
1000 3198 1157 3253 sunt
1189 3188 1454 3264 Clcrzzvti,
1487 3209 1746 3253 carnem
1792 3188 2257 3272 crucffixerunt
2282 3208 2424 3251 cum
2442 3188 2768 3270 passioni·
2800 3205 2835 3251 2
2846 3202 2876 3269 5

346 3294 468 3359 bus
497 3304 559 3357 et
585 3293 1115 3376 conczqn'scentz'zlr.

449 3469 477 3516 3
513 3452 607 3502 hac
635 3452 704 3501 C*
917 3450 950 3501 6
984 3451 1214 3501 uidentur
1241 3453 1283 3500 C
1305 3450 1370 3499 H
1383 3452 1532 3511 (corr)
1775 3463 1806 3512 9
1831 3449 2074 3513 possimus
2103 3449 2146 3498 C
2350 3465 2403 3498 12
2439 3448 2670 3512 dignatos
2698 3449 2769 3497 C*

351 3549 412 3597 ¹3
448 3534 585 3598 dign.
609 3542 684 3584 est
705 3550 782 3584 om
812 3534 854 3583 C
874 3535 941 3584 II
1100 3532 1159 3582 16
1194 3533 1314 3596 iniq.
1339 3549 1418 3580 om
1454 3533 1520 3581 H
1540 3530 1548 3595 Ι
1577 3530 1776 3581 uocabit
1818 3530 1888 3580 C*
2061 3545 2116 3592 17
2152 3539 2290 3579 actos
2331 3529 2403 3579 C*
2566 3532 2622 3579 18
2656 3546 2768 3594 pro-

342 3615 537 3666 visione
567 3617 612 3666 C
803 3632 830 3665 α
837 3632 864 3680 3
899 3616 1017 3680 quia
1042 3615 1156 3679 (for
1175 3618 1323 3679 quae)
1347 3615 1414 3663 H

414 3783 464 3830 5.
556 3770 629 3817 ad
645 3777 876 3833 praesens
907 3769 1122 3829 ueta-tur]
1190 3767 1341 3817 Card.
1370 3766 1507 3814 Pitra
1606 3767 1873 3819 πνεύματος
1889 3767 1976 3824 τὴν
1995 3761 2196 3825 ἀγάπην
2214 3764 2294 3811 καὶ
2317 3761 2406 3821 τήν
2428 3760 2585 3824 χαρὰν
2608 3762 2685 3809 καὶ
2710 3760 2769 3809 τὶ

343 3850 488 3911 (who
511 3859 803 3914 punctuates
827 3851 910 3899 the
934 3851 1097 3899 whole
1119 3865 1324 3914 passage
1341 3849 1505 3897 differ·
1607 3843 1759 3893 λοιποὶ
1795 3842 2198 3906 προσηγόρευσεν·
2229 3845 2409 3892 ἐκείνου
2431 3844 2527 3904 ’γὰρ
2543 3841 2608 3902 τῇ
2634 3840 2768 3903 ψυχῇ

341 3931 508 3994 ently)
533 3931 650 3980 here
684 3933 809 3981 adds
844 3933 1033 3994 “[haec
1069 3928 1506 3991 accommodari].'’
1608 3925 1943 3987 συνεργοῦντος
1968 3926 2146 3973 τούτων
2168 3926 2375 3972 ἕκαστον
2397 3921 2729 3985 κατορθοῦται.

342 4011 495 4064 Th.'s
518 4014 751 4077 meaning
786 4015 825 4062 is
859 4031 996 4063 more
1029 4015 1212 4078 clearly
1245 4012 1507 4078 expressed
1682 4023 1752 4069 14.
1794 4006 2096 4068 lzuimnzodiJ
2122 4006 2148 4053 ὁ
2164 4004 2391 4061 τοιοῦτος,
2416 4021 2471 4052 or
2496 4003 2684 4051 τοιοῦτό
2706 4021 2768 4052 τι.

340 4096 533 4151 below,
561 4095 611 4142 in
635 4094 712 4142 his
734 4103 982 4144 comment
1006 4110 1072 4142 on
1097 4094 1162 4142 vi.
1190 4109 1234 4157 9,
1262 4112 1307 4158 q.
1337 4110 1387 4141 v.
1676 4104 1755 4138 20.
1823 4090 1877 4137 in
1912 4089 2053 4136 cuius
2085 4086 2320 4150 serpe-rna]
2368 4084 2445 4133 Cf.
2474 4084 2604 4147 Eph.
2635 4084 2685 4133 ii.
2717 4086 2764 4143 6,

413 4177 467 4228 6.
558 4187 699 4242 opera
725 4178 1038 4243 ...sructumJ
1107 4178 1182 4227 Cs.
1214 4179 1417 4239 Chrys.:
1446 4176 1509 4223 τὰ
1613 4170 1927 4219 συνεκάθισεν
1953 4171 2005 4216 ἐν
2029 4170 2127 4216 τοῖς
2151 4168 2460 4226 ἐπουρανίοις.

339 4262 437 4322 μὲν
462 4261 648 4321 πονηρὰ
671 4261 791 4322 ἔργα
814 4261 865 4317 ἐξ
887 4258 1019 4318 η’μῶν
1036 4260 1223 4320 γίνεται
1245 4255 1415 4316 μόνων,
1439 4256 1509 4304 διὸ
1680 4269 1705 4300 2
1712 4265 1758 4313 5.
1815 4251 1905 4315 qui
1922 4257 2042 4299 sunt
2068 4249 2276 4310 Christi]
2318 4248 2458 4297 Th.’s
2483 4255 2583 4295 text
2612 4263 2771 4296 seems

342 4343 429 4392 καὶ
460 4342 579 4400 ἔργα
598 4341 755 4388 καλεῖ.
823 4340 887 4386 τὰ
910 4339 961 4385 δὲ
985 4339 1112 4386 καλὰ
1135 4339 1188 4385 οὐ
1222 4337 1308 4394 τῆς
1343 4335 1508 4396 ἦμετέ·
1612 4343 1665 4384 to
1687 4335 1814 4383 have
1838 4334 2047 4382 omitted
2066 4331 2242 4390 Ἰησοῦ.
2293 4335 2361 4381 So
2381 4331 2574 4392 Chrys„
2594 4330 2769 4386 Thdt.,

337 4441 434 4488 ρας
471 4423 743 4481 ἐπιμελείας
778 4423 926 4469 δεῖται
958 4418 1116 4478 μόνον,
1155 4418 1282 4468 ἀλλά
1317 4421 1394 4466 καὶ
1426 4416 1511 4476 τῆς
1613 4416 1715 4463 and
1739 4415 1823 4463 the
1851 4413 1998 4462 Latin
2023 4412 2329 4492 authorities,
2357 4426 2462 4459 exc.
2487 4411 2620 4472 Aug.

340 4506 436 4553 τοῦ
463 4504 574 4553 θεοῦ
596 4503 973 4565 φιλανθρωπίας.
1025 4502 1198 4551 Thdt.:
1225 4497 1404 4564 καρπὸν
1426 4498 1513 4548 τοῦ
