3293 5233
534 404 621 469 60
1199 409 1655 464 ·rnEonoRus
1702 404 2285 462 MOPSUESTENUS
2578 390 2727 479 [IV.
2769 408 2947 473 1—3.

534 586 731 651 simul
762 594 832 651 et
861 585 1435 651 confirmationem
1468 580 1893 664 baptismatis
1913 579 2002 643 ab
2032 577 2492 661 inoperatione
2522 575 2635 640 illa
2662 576 2950 658 Spiritus

535 690 768 767 sancti,
801 710 974 772 quae
1005 697 1165 751 tunc
1196 687 1263 749 in
1293 706 1495 768 opere
1536 681 2005 771 miraculorum
2045 678 2540 744 ostendebatur.
2626 678 2946 761 quoniam

537 800 762 854 autem
805 789 1206 854 sufficienter
1240 787 1306 850 in
1353 786 1455 849 his
1492 784 1787 850 ostendit
1832 782 2126 869 perfecta
2168 802 2313 845 esse
2354 781 2467 844 illa
2511 801 2685 863 quae
2714 799 2948 843 secun-

537 890 699 953 dum
756 890 1093 955 Christum
1148 896 1324 967 sunt,
1374 888 1462 951 ab
1515 888 1677 970 ipsis
1724 885 1896 949 ultra
1937 904 2110 967 quae
2154 882 2333 947 dicta
2378 892 2534 947 sunt
2579 880 2946 947 secundum

471 1015 502 1078 5
537 992 1105 1074 comparationem
1149 990 1445 1054 ostendit
1490 988 1810 1073 quoniam
1857 996 1924 1051 et
1968 987 2278 1069 primitus
2309 984 2492 1069 justa
2535 983 2790 1048 ratione
2819 982 2946 1047 sub

538 1093 684 1176 lege
732 1094 1315 1170 conuersabantur,
1363 1100 1432 1156 et
1485 1111 1663 1155 nunc
1706 1089 1833 1153 sub
1887 1088 2035 1172 lege
2080 1088 2456 1153 conuersari
2502 1087 2687 1151 nullo
2743 1086 2949 1149 modo

536 1196 663 1260 illis
693 1198 780 1261 sit
808 1206 1085 1280 aptum:

664 1368 802 1434 dico
856 1379 1073 1434 autem
1130 1379 1372 1454 quanto
1426 1379 1699 1452 tempore
1748 1369 1929 1434 heres
1971 1368 2303 1450 paruulus
2351 1374 2459 1443 est,
2508 1364 2687 1430 nilzil
2727 1364 2952 1447 dzjffert

534 1494 578 1537 a
605 1495 803 1549 serua,
835 1475 1140 1538 dominus
1166 1496 1309 1539 cum
1338 1473 1434 1538 sit
1457 1475 1751 1539 omnium
1770 1496 1802 1550 ,·
1843 1472 1962 1536 sed
1997 1471 2116 1535 sub
2147 1470 2468 1535 tutoribus
2512 1478 2577 1533 et
2618 1469 2946 1551 dispensa-

433 1608 511 1654 10
539 1578 785 1641 toribus
829 1587 927 1641 est
967 1599 1166 1661 usque
1205 1577 1303 1641 ad
1351 1576 1569 1662 [prae]
1576 1577 1858 1661 finitum
1910 1585 2153 1657 tempus
2197 1595 2241 1636 a
2284 1582 2494 1656 patre.
2583 1573 2678 1636 sic
2723 1582 2786 1636 et
2833 1592 2946 1635 nos

532 1702 675 1744 cum
706 1703 981 1745 essemus
993 1683 1291 1764 paruuli,
1322 1683 1440 1746 sub
1470 1680 1792 1746 elementis
1820 1679 2060 1743 mundi
2083 1698 2346 1742 eramus
2371 1677 2734 1741 seruienteS.

665 1813 994 1878 elementa
1026 1815 1297 1898 quidem
1332 1814 1563 1877 mundi
1604 1814 1815 1878 solem
1859 1813 2163 1877 nominat
2197 1821 2266 1876 et
2309 1811 2552 1888 lunam,
2584 1832 2671 1875 ex
2704 1810 2945 1893 quibus

533 1938 802 2000 quoque
849 1927 916 1982 et
965 1939 1225 1981 menses
1279 1917 1708 2000 perficiuntur
1765 1923 1834 1979 et
1882 1917 2061 1979 anni.
2152 1915 2317 1979 haec
2369 1916 2545 1979 enim
2600 1916 2780 1978 uarie
2828 1916 2946 1980 ob-

532 2022 891 2084 seruabant
936 2020 1027 2083 illi
1074 2021 1187 2103 qui
1235 2029 1422 2083 erant
1468 2020 1534 2081 in
1581 2019 1746 2100 lege,
1778 2018 2143 2081 secundum
2191 2018 2352 2081 data
2398 2018 2521 2080 sibi
2568 2028 2939 2101 praecepta.

429 2143 498 2209 15
535 2121 678 2185 uult
709 2132 934 2186 autem
968 2123 1186 2185 dicere
1225 2122 1544 2203 quoniam
1576 2122 1665 2182 ‘si
1699 2121 1847 2202 quis
1892 2121 2181 2182 moriens
2224 2121 2539 2183 heredem
2585 2122 2943 2188 instituerit

530 2246 723 2289 suum
758 2224 983 2299 filium,
1017 2225 1368 2306 paruulum
1401 2222 1618 2286 adhuc
1651 2230 1871 2285 aetate
1904 2222 2358 2298 constitutum,
2390 2220 2635 2285 habere
2666 2223 2938 2304 quidem

530 2350 682 2393 eum
716 2330 943 2392 statim
977 2330 1305 2411 integram
1339 2327 1715 2390 relictorum
1748 2333 2152 2409 potestatem
2186 2346 2319 2388 non
2351 2327 2641 2408 patitur;
2672 2337 2939 2411 tempus

421 2460 428 2467 ¹
529 2453 686 2495 uero
728 2430 1066 2514 quoddam
1109 2438 1362 2493 statuet
1407 2429 1483 2505 ei,
1517 2438 1671 2512 post
1709 2429 1890 2511 quod
1933 2427 2294 2511 perfectam
2339 2427 2592 2493 habens
2627 2438 2937 2509 aetatem,

528 2533 699 2596 ultra
730 2533 940 2615 possit
981 2531 1092 2596 illa
1133 2553 1305 2614 quae
1345 2532 1711 2594 secundum
1742 2552 1815 2594 se
1845 2539 1999 2594 sunt
2028 2530 2415 2613 gubernare,
2447 2531 2939 2614 dispensatores

417 2662 501 2710 20
529 2644 598 2699 et
659 2645 914 2699 tutores
965 2655 1182 2724 rerum
1243 2636 1309 2698 in
1355 2635 1577 2697 medio
1621 2635 2033 2697 constituens
2085 2642 2405 2715 tempore.
2495 2636 2937 2699 necessarium

527 2748 627 2803 est
661 2739 867 2802 filium
901 2761 1053 2804 eum
1087 2750 1154 2804 et
1184 2739 1516 2812 heredem,
1553 2761 1761 2822 usque
1792 2740 1889 2802 ad
1914 2739 2341 2822 praefinitum
2375 2749 2617 2822 tempus
2653 2762 2697 2804 a
2726 2752 2936 2824 patre,

527 2845 687 2908 nihil
742 2843 1002 2908 differre
1061 2866 1103 2909 a
1161 2865 1372 2921 seruo,
1430 2843 1680 2907 nullam
1735 2843 2098 2907 habentem
2165 2852 2574 2926 potestatem
2648 2867 2935 2924 suorum,

524 2948 649 3010 sub
680 2947 958 3012 aliorum
991 2968 1150 3010 uero
1183 2947 1540 3029 degentem
1583 2956 1966 3029 potestate3
2030 2967 2110 3009 eo
2153 2948 2333 3029 quod
2383 2956 2450 3011 et
2491 2949 2633 3031 ipse
2673 2958 2740 3014 et
2781 2951 2935 3014 sub-

523 3052 771 3115 stantia
803 3060 1029 3115 autem
1063 3051 1305 3128 relicta,
1339 3050 1462 3113 sub
1506 3057 1846 3133 potestate
1886 3049 2168 3112 habetur
2208 3050 2468 3113 illorum
2517 3053 2631 3133 qui
2669 3074 2709 3116 a
2748 3062 2937 3135 patre

412 3180 487 3245 25
525 3164 677 3219 sunt
727 3156 1216 3238 dispensatores
1265 3153 1624 3230 constituti,
1681 3152 1842 3215 nihil
1897 3152 1991 3215 illi
2051 3152 2138 3217 ad
2187 3174 2500 3237 praesens
2558 3155 2937 3220 conserente

523 3261 978 3323 dominatione
1027 3279 1228 3341 quam
1290 3257 1534 3321 habere
1583 3257 1866 3331 uidetur,
1916 3255 2123 3321 fracta
2170 3259 2412 3322 aetatis
2465 3259 2934 3326 imbecillitate.

521 3364 614 3425 sic
676 3370 744 3424 et
805 3383 925 3423 nos
987 3361 1258 3442 quando
1320 3380 1582 3423 eramus
1655 3358 2017 3442 inperfectI,
2083 3360 2368 3422 necdum
2438 3360 2935 3427 inmortalitatis

521 3465 952 3546 suscipientes
1001 3463 1396 3539 fruitionem,
1446 3463 1618 3525 sicut
1678 3463 1804 3526 sub
1863 3462 2194 3525 tutoribus
2247 3471 2315 3526 et
2367 3463 2936 3544 dispensatoribus

624 3650 681 3683 10
715 3633 838 3682 sicut
867 3631 980 3695 (fivr
999 3632 1070 3680 sic
1092 3633 1162 3692 et)
1186 3633 1249 3680 H
1256 3631 1278 3656 ⁸
1542 3647 1599 3696 ¹9
1633 3637 1802 3695 posset
1830 3631 1904 3681 C*
1932 3633 1998 3680 H
2242 3649 2298 3681 22
2336 3649 2367 3681 a
2388 3649 2464 3680 om
2488 3634 2555 3681 H
2573 3631 2581 3696 Ι
2611 3641 2856 3697 potestate
2877 3636 2945 3684 Il

523 3733 581 3778 23
616 3715 827 3778 degente
850 3715 918 3763 Η
1060 3728 1123 3776 24
1157 3715 1202 3764 ei
1228 3714 1341 3776 (for
1359 3717 1545 3775 autem)
1577 3716 1619 3763 C
1640 3717 1789 3776 (corr)
1856 3715 1978 3764 haut
2002 3714 2164 3776 Il[cs.
2196 3732 2244 3780 p.
2273 3726 2351 3777 37,
2381 3716 2414 3763 1.
2447 3731 2462 3763 ι
2474 3732 2519 3779 3,
2543 3716 2598 3777 n]
2766 3731 2824 3780 25
2861 3719 2935 3767 ni-

518 3798 608 3847 hili
632 3799 698 3846 H
885 3795 949 3845 26
982 3812 1081 3861 qua
1109 3797 1150 3845 C
1158 3796 1185 3820 ⁴*
1216 3794 1223 3860 Ι
1254 3797 1646 3846 imbecillitatem
1677 3796 1751 3845 C*
1978 3810 2036 3860 27
2072 3812 2291 3846 erramus
2318 3798 2360 3846 C
2369 3796 2397 3821 ⁴*

590 3960 628 3993 1.
680 3942 740 3991 ab
783 3941 1128 4005 imperatione]
1211 3942 1312 3991 For
1362 3943 1666 4005 inoperari=
1779 3943 1879 3991 νίας
1902 3942 1983 3990 καὶ
2005 3939 2252 4004 σάββατα·
2278 3940 2422 3991 αὗται
2443 3943 2542 4005 ’γὰρ
2566 3942 2675 4001 ἡμῖν
2692 3945 2741 3991 αἱ
2765 3944 2936 4006 ἡμέραι

517 4025 746 4085 ἐνεργεῖν,
769 4017 1331 4085 ίηῳεναΙίο--ἐνέργεια,
1361 4021 1423 4071 cf.
1451 4021 1670 4081 R'onsch‚
1779 4021 1877 4072 α’,πὸ
1921 4021 2094 4085 δρόμου
2138 4023 2346 4083 σελήνης
2389 4025 2468 4072 καὶ
2514 4023 2654 4082 ἡλίου
2695 4025 2926 4086 γίνονται.

517 4107 589 4154 ΛΤ.
626 4106 681 4154 Τ.
726 4106 777 4153 T
768 4105 1028 4154 ertulliam
1049 4121 1097 4169 p.
1128 4117 1248 4167 7033
1281 4103 1451 4163 ltala²‚
1481 4122 1532 4168 p.
1561 4119 1673 4168 513.
1778 4106 1954 4154 Thdt.:
2000 4108 2086 4154 τὰς
2118 4106 2303 4165 νομικὰς
2336 4106 2708 4170 παρατηρήσεις,
2745 4110 2933 4171 ἐπειδή-

589 4201 661 4234 12.
708 4185 934 4233 elementa
966 4202 1010 4248 q.
1052 4201 1115 4233 m.
1153 4186 1312 4243 solem,
1350 4185 1465 4247 δία]
1550 4187 1675 4235 This
1776 4204 1868 4247 περ
1893 4184 1988 4236 ἀπὸ
2011 4185 2149 4246 ἡλίου
2173 4188 2252 4234 καὶ
2277 4186 2482 4246 σελήνης
2504 4190 2584 4248 νύξ
2601 4207 2657 4236 τε
2680 4191 2757 4238 καὶ
2781 4189 2935 4252 ἡμέρα,

517 4269 906 4333 interpretation,
952 4269 1196 4333 probably
1231 4269 1327 4318 due
1373 4277 1425 4317 to
1470 4269 1554 4317 the
1600 4269 1671 4316 in·
1777 4269 2004 4324 τελεῖται,
2035 4269 2219 4326 κ.τ.λ.).
2294 4269 2393 4317 Th.
2418 4279 2610 4333 repeats
2632 4270 2710 4319 his
2733 4272 2859 4320 view
2883 4271 2939 4319 of

519 4348 705 4397 ssuence
731 4350 789 4397 of
817 4350 1005 4412 Origen
1031 4349 1328 4412 (Lightsoot,
1352 4350 1421 4397 ad
1439 4350 1490 4397 Ιι.
1515 4350 1592 4408 L),
1631 4349 1673 4398 is
1775 4349 1860 4398 the
1896 4350 2115 4410 στοιχεῖα
2148 4367 2195 4397 τ.
2230 4368 2275 4398 κ.
2309 4350 2488 4412 below,
2526 4367 2575 4416 p.
2618 4351 2698 4414 64,
2732 4353 2831 4402 and
2866 4370 2931 4403 on

514 4434 660 4495 given
695 4434 762 4495 by
786 4434 963 4495 Chrys.
995 4434 1093 4482 and
1129 4434 1174 4481 T
1176 4433 1281 4481 hdt.
1321 4433 1373 4481 in
1406 4448 1436 4481 a
1471 4432 1675 4496 slightly
1776 4432 1886 4483 Col.
1924 4433 1973 4481 ii.
2009 4435 2056 4493 8,
2094 4450 2139 4497 q.
2169 4449 2216 4482 v.

515 4513 743 4562 different
782 4513 904 4562 form
946 4512 1167 4576 (Chrys.:
1220 4515 1470 4563 τουτέστιν
1504 4531 1670 4573 νουμη-
