3293 5233
511 396 653 460 ·208

1199 408 1246 457 Τ
1252 405 1655 458 HEODORUS
1701 403 2287 458 MOPSUESTENUS

2594 390 2670 473 [1.
2715 407 2805 471 17,
2849 391 2941 453 18.

526 587 711 643 mata
763 579 1000 642 docere
1043 579 1506 661 deproperant,
1553 587 1628 642 ut
1675 576 1768 641 illi
1814 578 1926 660 qui
1969 576 2037 640 in
2081 575 2456 660 principatu
2494 580 2560 639 et
2606 581 2943 657 potestate

525 689 681 742 sunt
729 700 817 742 ex
866 698 1092 742 eorum
1142 679 1385 743 fiducia
1438 681 1724 762 permoti
1769 699 1995 742 secum
2045 685 2374 761 reputent,
2419 676 2735 759 quoniam
2784 675 2943 756 quia

524 779 764 844 horum
806 781 1106 845 omnium
1138 784 1348 846 ‘causa
1381 779 1494 845 illa
1534 782 1781 858 extitit,
1820 781 1999 864 quod
2047 801 2172 863 ego
2210 780 2353 843 sine
2397 777 2692 862 periculo
2738 797 2943 859 nego-

526 884 695 947 tium
740 884 1150 963 transierim;
1198 894 1272 948 ut
1308 884 1548 948 iterum
1592 884 1911 947 aduersus
1954 904 2060 946 me
2100 890 2589 959 conuertantur‚
2622 889 2689 945 et
2725 899 2946 963 poena

467 1006 679 1077 5mea
725 996 979 1050 ceteros
1026 985 1395 1068 corrigant?

1490 987 1616 1049 hoc
1663 994 1888 1048 autem
1935 986 2082 1068 quis
2128 1005 2285 1068 erga
2331 984 2603 1048 beatum
2660 982 2938 1046 Paulum

529 1088 839 1152 effectum
893 1087 1282 1171 intellegens
1333 1108 1756 1171 nequaquam
1812 1088 2262 1164 demirabitur,
2308 1089 2496 1171 quasi
2550 1087 2663 1170 qui
2709 1087 2799 1150 ob
2845 1086 2944 1149 in-

530 1189 777 1252 uidiam
813 1189 1008 1253 suerit
1038 1189 1288 1271 aliquid
1329 1210 1695 1272 perpessus
1773 1189 2015 1252 deinde
2047 1190 2203 1272 quia
2233 1189 2447 1253 dixit:
2487 1198 2550 1252 et
2559 1198 2684 1273 per
2711 1187 2941 1251 bonum

511 1294 831 1375 placitum
867 1292 1202 1360 Christum
1232 1294 1633 1374 praedicant,
1668 1292 2011 1355 euidenter
2040 1291 2201 1355 illud
2243 1291 2644 1374 significauit
2679 1290 2945 1353 dicens:

658 1433 925 1515 quidam
969 1434 1225 1516 quidem
1276 1456 1358 1497 ex
1396 1436 1683 1511 caritate,
1731 1435 1992 1497 scientes
2040 1433 2344 1515 quoniam
2397 1433 2468 1496 in
2515 1430 2942 1513 defensionem

429 1554 506 1601 10
529 1538 852 1621 euangelii
877 1539 1133 1619 positus
1170 1559 1333 1601 sum.

661 1662 786 1727 hoc
818 1672 952 1727 est:
999 1663 1297 1746 ‘quidam
1336 1663 1611 1726 caritate
1654 1661 1768 1725 illa
1805 1681 2008 1745 quam
2040 1682 2204 1744 erga·
2232 1661 2569 1725 Christum
2602 1657 2942 1722 habebant

529 1768 933 1850 praedicant,
963 1767 1372 1830 confidentes
1409 1765 1701 1847 quidem,
1742 1786 1964 1828 meum
2006 1785 2149 1828 esse
2194 1785 2362 1846 opus
2409 1772 2480 1826 ut
2526 1762 2944 1846 praedicetur

529 1868 774 1950 pietas;
835 1869 1204 1932 abutuntur
1255 1887 1413 1930 uero
1473 1866 1734 1944 fiducia,
1790 1887 1869 1930 eo
1937 1867 2115 1948 quod
2179 1866 2271 1929 ita
2331 1887 2488 1948 erga
2547 1885 2656 1927 me
2713 1863 2944 1926 diuina

530 1971 826 2034 donante
883 1972 1100 2052 gratia
1158 1971 1245 2032 sit
1304 1971 1782 2051 dispensatum,
1845 1980 1919 2032 ut
1978 1969 2289 2033 fiduciam
2344 1968 2563 2032 cuncti
2619 1968 2943 2049 adseque-

427 2095 498 2160 15
529 2073 786 2136 rentur.’

874 2074 1101 2135 dicens
1133 2071 1506 2135 euidentius
1541 2071 1775 2136 horum
1815 2094 2081 2156 quoque
2112 2083 2180 2137 et
2211 2072 2471 2136 illorum
2510 2072 2890 2137 arbitrium:

656 2214 822 2294 quid
842 2214 1013 2277 enim
1027 2214 1060 2277 ?
1087 2214 1245 2277 dum
1274 2213 1651 2291 omnimodo,
1676 2214 1815 2277 siue
1843 2215 2153 2278 occasione
2171 2214 2311 2278 siue
2331 2213 2616 2291 ueritate,
2643 2212 2943 2278 Christus

512 2314 942 2394 praedicetur.

659 2440 873 2502 multa
918 2440 1355 2505 demiratione
1400 2443 1678 2524 dignum
1718 2452 1819 2506 est
1866 2443 1934 2507 id
1965 2443 2145 2525 quod
2189 2463 2229 2506 a
2272 2441 2480 2506 Paulo
2520 2441 2773 2505 dictum
2817 2447 2941 2516 est,

528 2545 685 2609 licet
713 2547 801 2610 sit
833 2555 900 2611 et
930 2545 1183 2629 aliquid
1220 2545 1402 2609 aliud
1435 2547 1666 2611 simile.

1750 2554 1919 2610 ‘non
1966 2545 2232 2631 (inquit)
2271 2545 2555 2609 discutio
2595 2543 2940 2607 arbitrium

421 2672 505 2717 20
531 2651 815 2731 illorum,
847 2652 1002 2717 licet
1040 2652 1127 2715 ad
1178 2652 1608 2715 nociuitatem
1657 2672 1877 2714 meam
1924 2672 2043 2734 per
2083 2650 2406 2713 inuidiam
2444 2649 2562 2712 fiat
2602 2649 2780 2731 quod
2824 2648 2941 2725 fit;

529 2762 792 2816 tantum
824 2763 1100 2817 cunctos
1137 2754 1429 2816 doceant
1477 2753 1745 2818 Christo
1776 2751 2078 2816 credere.’

2171 2771 2292 2814 nec
2333 2751 2528 2826 enim,
2564 2759 2637 2813 ut
2666 2749 2941 2831 quidam

529 2857 1104 2931 existimauerunt,
1137 2857 1474 2919 licentiam
1514 2857 1580 2920 in
1617 2857 1721 2920 his
1762 2857 2000 2920 beatus
2036 2856 2281 2919 Paulus
2322 2863 2619 2937 praestat
2656 2854 2783 2916 illis
2826 2854 2942 2937 qui

631 3010 649 3043 1
690 3000 955 3059 properant
989 2995 1057 3043 H
1069 2992 1078 3058 Ι
1109 2995 1442 3059 principatum
1466 3000 1515 3044 et
1538 3001 1838 3058 potestatem
1861 2994 1929 3042 H

1655 3088 1682 3138 5
1719 3075 2026 3137 corrigantur
2049 3091 2081 3122 r

1433 3159 1489 3206 18
1523 3172 1553 3205 a
1575 3173 1655 3204 om
1678 3172 1711 3204 r

553 3074 561 3139 Ι
592 3091 686 3139 ego
707 3091 785 3125 om
808 3076 877 3124 H
1060 3094 1092 3136 4
1125 3076 1387 3124 aduersum
1412 3092 1445 3124 r

532 3174 549 3205 1
564 3172 584 3204 1
623 3156 880 3205 caritatem
903 3155 1041 3205 illam
1070 3157 1192 3204 CH
1203 3173 1236 3203 r

526 3271 584 3319 τό
606 3277 753 3332 φησιν
777 3270 851 3319 ὅτι
874 3269 1196 3331 διεφθαρμένα
1220 3268 1681 3331 δόγματα-εἰσῆγον,

527 3349 637 3397 ἀλλ’
659 3352 736 3398 ὅτι
762 3350 794 3408 ὴ
817 3350 960 3408 αἰτία,
989 3347 1068 3409 ἀφ’
1092 3347 1147 3408 ἦς
1169 3349 1448 3410 ἐκήρυττον,
1471 3348 1593 3407 αὕτη
1626 3346 1684 3407 ἦν

527 3431 862 3491 διεφθαρμένη.
943 3431 1120 3479 Thdt.:
1173 3430 1360 3477 ἐκείνων
1405 3430 1492 3487 μὲν
1536 3446 1681 3488 κατη-

526 3510 736 3571 γόρησεν
773 3511 863 3569 οὐχ
902 3508 963 3558 ὡς
999 3512 1165 3568 φαῦλα
1201 3510 1532 3570 διδασκόντων,
1575 3507 1683 3558 ἀλλ’

528 3593 588 3641 ὡς
622 3592 752 3641 καλὰ
782 3592 887 3649 μέν,
924 3593 978 3639 οὐ
1007 3593 1165 3640 καλῶς
1187 3592 1253 3640 δέ.
1324 3594 1374 3641 S.
1405 3593 1682 3655 Augustini:

527 3686 698 3734 agrees
720 3671 841 3719 with
876 3671 973 3720 this
1006 3672 1285 3736 exposition
1319 3672 1378 3720 of
1404 3674 1494 3733 οὐχ
1528 3672 1684 3733 ἁγνῶς

530 3753 588 3811 (c.
612 3757 681 3813 ep.
709 3750 1041 3798 parmeniani
1072 3751 1123 3798 ii.
1159 3765 1251 3810 24:
1294 3753 1583 3816 “numquid
1619 3754 1682 3801 de

528 3832 701 3880 talium
733 3832 1099 3896 praedicatione
1128 3833 1365 3895 gauderet
1403 3833 1496 3881 nisi
1536 3834 1682 3882 sciret

527 3917 662 3979 quod
686 3915 783 3963 illis
807 3915 1007 3978 quidem
1036 3914 1367 3978 perniciosum
1401 3922 1527 3964 esset
1562 3931 1681 3964 rem

527 4003 753 4044 castam
809 4011 925 4043 non
980 4002 1145 4044 caste
1199 3994 1527 4054 annuntiare3
1583 3993 1682 4043 illis

528 4086 694 4126 autem
718 4076 930 4133 salubre,
955 4077 1039 4141 qui
1068 4079 1222 4125 bona
1245 4082 1301 4125 et
1324 4091 1464 4124 uera
1486 4091 1575 4139 per
1598 4092 1685 4125 eos

529 4160 785 4208 audientes
800 4159 1094 4222 proficerent
1114 4160 1178 4207 ad
1196 4159 1404 4206 salutem
1418 4159 1442 4205 ?
1464 4173 1580 4205 nam
1599 4158 1683 4206 ubi

530 4259 630 4290 non
654 4241 882 4291 Christus
905 4241 991 4306 qui
1014 4241 1176 4290 unitas
1199 4248 1290 4296 est,
1314 4240 1400 4289 sed
1424 4239 1613 4288 falsitas
1635 4247 1684 4288 et

530 4323 844 4372 mendacium
875 4323 1200 4387 praedicatur,
1230 4321 1539 4386 apertissime
1572 4337 1684 4385 pro-

530 4404 668 4453 hibet
685 4404 714 4425 ’'
737 4407 913 4468 [citing
935 4406 1051 4455 Gal.
1078 4406 1115 4454 i.
1140 4403 1228 4470 9]).

604 4501 642 4532 1.
724 4494 779 4533 u!
833 4488 914 4534 illi
963 4488 1017 4534 in
1054 4488 1362 4550 principatu,
1411 4485 1526 4544 &eff
1617 4486 1685 4532 So

2113 3008 2142 3043 α
2177 2993 2296 3058 quia
2316 3009 2392 3042 om
2417 3009 2450 3042 r
2665 3009 2694 3057 3
2728 2992 2892 3042 existit
2916 3009 2949 3041 r

2274 3089 2305 3138 9
2327 3073 2617 3123 defensione
2644 3074 2688 3122 C
2709 3073 2858 3136 (corr)
2882 3075 2952 3122 H

1906 3170 1963 3206 21
2004 3171 2106 3204 non
2131 3155 2248 3219 (χον
2268 3156 2380 3214 nec)
2407 3153 2473 3203 H

1785 3269 1961 3333 Chrys.
1999 3268 2056 3329 (l.
2087 3268 2178 3327 c.):
2214 3269 2263 3316 τί
2295 3268 2348 3316 δὲ
2381 3268 2637 3329 ἐβούλοντο
2649 3285 2665 3329 3
2707 3268 2792 3327 τῆς
2830 3266 2943 3315 πίσ-

1782 3367 1898 3399 τεως
1921 3349 2200 3409 αὐξηθείσης
2223 3350 2304 3397 καὶ
2329 3350 2529 3396 πολλῶν
2549 3348 2817 3409 γενομένων
2848 3350 2946 3396 τῶν

1787 3431 1985 3479 Παύλου
2014 3431 2258 3489 μαθητῶν,
2297 3430 2361 3477 εἰς
2393 3429 2581 3489 μείζονα
2617 3429 2829 3486 πόλεμον
2859 3429 2946 3477 τὸν

1784 3509 1982 3571 Νέρωνα
2016 3511 2259 3571 διεγεῖραι.
2337 3509 2590 3572 Similarly
2622 3508 2798 3569 Thdt„
2841 3510 2943 3559 and

1783 3605 1968 3653 among
2020 3589 2105 3638 the
2151 3590 2343 3649 LatinS,
2389 3590 2651 3652 Pelagius:
2705 3590 2824 3638 “ad
2861 3606 2943 3639 me

1782 3674 2091 3737 grauandum
2115 3674 2255 3737 quasi
2278 3674 2443 3737 plures
2466 3674 2735 3737 discipulos
2758 3672 2944 3723 sacien-

1784 3760 1883 3802 tem
1907 3761 1956 3801 et
1980 3753 2205 3801 doctrina
2228 3769 2339 3801 mea
2356 3760 2516 3802 totum
2540 3754 2712 3801 orbem
2733 3753 2945 3818 implere

1783 3842 2062 3893 conantem,
2091 3842 2145 3883 ut
2169 3849 2228 3882 ex
2250 3834 2348 3884 hoc
2375 3834 2534 3884 maior
2567 3834 2691 3884 mihi
2725 3835 2943 3885 cumule-

1784 3924 1862 3964 tur
1885 3913 2111 3964 iniuria.”

1848 3995 1895 4044 6.
1964 3997 2113 4060 quasi
2140 3997 2246 4060 qui,
2275 3995 2393 4058 &c.]
2459 3996 2509 4044 A
2536 3997 2800 4057 reference,
2829 4013 2942 4062 pos—

1785 4078 1930 4141 sibly,
1980 4084 2033 4126 to
2076 4079 2219 4127 Th.’s
2268 4093 2382 4127 own
2434 4079 2741 4143 experience.
2831 4080 2946 4130 The

1787 4157 2048 4207 translator
2070 4159 2160 4207 has
2183 4158 2366 4208 missed
2395 4159 2481 4208 the
2511 4159 2672 4223 point,
2695 4161 2794 4209 and
2825 4155 2944 4210 con·

1786 4239 1962 4288 nected
1988 4238 2072 4287 the
2095 4238 2300 4288 relative
2321 4238 2487 4288 clause
2511 4240 2630 4288 with
2654 4240 2895 4291 Paulum.

1856 4335 1932 4369 21.
1983 4327 2042 4367 ut
2064 4320 2267 4383 quidam
2291 4321 2722 4382 existimauerunt]
2764 4321 2944 4386 Chrys.

1788 4401 1877 4450 has
1900 4417 1930 4449 a
1950 4401 2142 4466 homily
2167 4400 2317 4467 (cited
2343 4403 2541 4463 above),
2570 4403 2687 4464 πρὸς
2718 4404 2827 4453 τοὺς
2860 4407 2948 4453 οὐκ

1790 4485 1852 4531 εἷς
1876 4484 1981 4530 δέον
2001 4484 2272 4543 χρωμένους
2293 4482 2362 4545 τῷ
2385 4484 2694 4545 ἀποστολικῷ
2714 4485 2847 4547 ῥητῷ
2875 4487 2953 4547 τῷ
