3293 5233
448 2221 517 2289 15

540 379 675 443 240

1211 374 1673 428 THEODORUS
1718 372 2208 427 MOPSUESTEN
2216 373 2307 426 US

2527 358 2689 445 [ΙΙΙ.
2735 372 2828 440 15,
2868 360 2965 423 16.

544 546 868 611 debemus
918 567 1167 631 sapere,
1217 566 1413 629 porro
1457 546 1822 611 abicientes
1866 545 1981 609 illa
2024 543 2248 609 omnia
2293 565 2467 628 quae
2524 554 2683 610 sunt
2728 565 2965 629 corpo·

543 647 724 727 ralia,
757 658 827 714 et
856 649 1078 713 futuro
1107 649 1313 713 statui
1344 658 1793 713 consentanea
1823 649 2067 713 sentire
2098 646 2460 711 debemus)

671 794 738 849 et
759 785 825 849 si
849 785 1015 867 quid
1034 784 1231 848 aliud
1249 783 1496 866 sapitis,
1524 793 1588 847 et
1612 783 1727 846 lzoc
1752 781 1932 846 uobis
1959 781 2142 845 Deus
2171 780 2495 846 nudabit.-

672 899 748 984 †‘
769 893 1019 966 etenitn
1048 902 1103 966 si
1136 903 1466 966 nescimus
1498 902 1718 966 futura
1751 901 1977 985 qualia
2016 901 2166 979 sint,
2198 900 2317 965 sed
2351 901 2508 984 ipsis
2539 900 2735 966 rebus
2768 900 2961 966 nobis

481 1012 512 1079 5
545 1005 659 1070 illa
690 1006 984 1070 ostendit
1017 1003 1295 1070 Deusl*

672 1152 1117 1206 uerumtamen
1165 1141 1263 1206 ad
1298 1140 1473 1225 quod
1507 1142 1919 1220 occurrimus,
1965 1141 2184 1206 eadem
2231 1151 2519 1207 constare
2569 1143 2814 1227 reg-ula,
2860 1139 2962 1205 id-

542 1241 753 1326 ipsum
781 1256 1013 1329 sapere.

672 1361 726 1446 †
745 1365 1045 1430 ‘interim
1074 1364 1335 1449 (inquit)
1364 1367 1427 1430 in
1459 1366 1702 1448 quibus
1732 1386 1962 1430 sumus
1991 1375 2060 1431 et
2091 1366 2157 1430 in
2188 1367 2428 1450 quibus
2460 1367 2680 1432 uocati
2711 1388 2959 1444 sumus,

543 1488 933 1550 permanere
991 1469 1331 1543 debemus,
1386 1479 1905 1534 consentaneum
1959 1492 2119 1553 erga
2166 1471 2315 1535 illos
2368 1471 2680 1537 affectum
2739 1483 2962 1539 osten-

445 1590 522 1637 10
547 1570 800 1649 dentes,
860 1581 930 1636 et
1002 1592 1138 1636 non
1213 1571 1632 1636 discedentes
1693 1572 1781 1637 ab
1848 1574 2319 1655 expectatione
2392 1573 2781 1651 futurorum,
2841 1575 2960 1639 sed

544 1673 909 1736 secundum
956 1672 1140 1737 illam
1181 1674 1389 1736 uitam
1437 1684 1734 1738 nostram
1776 1674 2056 1756 dirigere
2091 1673 2501 1739 debemus'*
2589 1674 2745 1739 hinc
2781 1676 2960 1738 enim

545 1778 1083 1860 praecedentium
1132 1778 1483 1841 uerborum
1541 1786 1644 1841 est
1691 1796 1939 1840 sensus.
2029 1776 2304 1859 quidam
2356 1798 2514 1841 uero
2563 1798 2696 1842 non
2747 1778 2964 1842 inten-

546 1880 782 1943 dentes
822 1879 1222 1963 sequentiae,
1256 1880 1443 1962 quasi
1488 1878 1794 1961 apostolo
1840 1878 1926 1941 de
1971 1878 2215 1943 uirtute
2260 1879 2665 1961 disputante,
2708 1880 2805 1942 sic
2850 1877 2965 1942 illa

545 1992 1016 2066 susceperunt;
1064 1992 1132 2048 et
1163 1984 1343 2066 quod
1376 1982 1592 2046 dixit:
1636 1982 1756 2046 illa
1790 2003 1951 2065 quae
1977 1983 2338 2066 posteriora
2380 1992 2539 2047 sunt
2578 1984 2965 2062 obliuiscens,

676 2197 735 2264 εἰ
769 2195 876 2263 καὶ
910 2196 1001 2281 μὴ
1046 2196 1235 2280 ἴσμεν
1274 2195 1563 2283 ἀκριβῶς
1605 2195 1687 2262 τὰ
1736 2195 2073 2280 μέλλοντα
2114 2197 2308 2264 ὁποῖα
2346 2197 2763 2280 καθέστηκεν,
2804 2195 2963 2263 ἀλλ’

545 2302 658 2368 ἐπὶ
687 2306 815 2368 τῶν
844 2301 1244 2390 πραγμάτων
1274 2299 1438 2368 αὐτὰ
1466 2300 1622 2383 ἡμῖν
1654 2301 1846 2386 δείξει
1877 2301 1909 2367 ὖ
1942 2302 2099 2373 θεός.

679 2403 874 2475 ’τέως
907 2406 1162 2490 (φησὶν)
1192 2406 1268 2470 ,ἐν
1307 2403 1399 2475 οἷς
1438 2404 1634 2485 ἐσμὲν
1670 2405 1785 2471 καὶ
1821 2402 1893 2471 ε’ν
1918 2404 2012 2476 οἷς
2048 2404 2758 2489 ἐκλήθημενὲπιμένειν
2787 2400 2964 2490 ὀφεί-

544 2515 766 2589 λομεν,
816 2506 1163 2592 σύμφωνον
1220 2506 1337 2586 τὴν
1387 2507 1538 2591 περὶ
1598 2505 1766 2573 αὐτὰ
1813 2506 2108 2575 διάθεσιν
2155 2507 2665 2591 ἐπιδεικνύμενοι
2712 2506 2825 2573 καὶ
2874 2505 2964 2590 μὴ

548 2610 957 2697 ἐξιστάμενοι
992 2611 1107 2691 τῆς
1151 2610 1276 2675 τῶν
1304 2610 1681 2691 μελλόντων
1718 2608 2123 2698 προσδοκίας
2154 2610 2262 2677 καὶ
2292 2614 2408 2677 τοῦ
2437 2607 2577 2676 κατ’
2610 2610 2820 2676 ἐκεῖνα
2848 2607 2965 2676 τὸν
3052 2640 3062 2650 ·

439 2735 525 2782 20
551 2715 782 2780 ἑαυτοῦ
809 2712 1140 2801 ῥυθμίζειν
1170 2713 1356 2792 Bion)

652 2883 673 2917 1
713 2866 1007 2932 temporalia
1031 2866 1149 2930 (for
1178 2864 1335 2932 corp.)
1360 2883 1392 2915 r

546 2949 654 2998 add
675 2950 718 2998 C
738 2949 888 3008 (corr)
914 2964 976 2997 r:
1008 2954 1139 3011 txtg

553 3032 598 3079 C
617 3031 704 3080 H:
737 3037 817 3078 txt
836 3047 869 3078 r

552 3113 669 3175 277]
736 3114 886 3161 ἄλλος
908 3113 959 3161 δέ
981 3118 1150 3172 φησιν·
1184 3113 1229 3159 εί
1253 3111 1348 3169 καὶ,
1377 3113 1527 3159 κ.τ.λ.

617 3277 664 3320 4.
732 3259 906 3306 etenim
929 3257 978 3305 si
999 3256 1248 3315 nescimus,
1272 3255 1385 3317 δῖα]
1440 3255 1615 3304 Thdt.:
1653 3257 1704 3305 el

552 3342 604 3389 δὲ
650 3341 743 3389 καὶ
787 3338 862 3397 μή
906 3335 1156 3398 α’κριβῶς
1194 3334 1497 3396 ἐπιστάμεθα
1522 3336 1708 3385 ὁποῖα

551 3418 711 3471 ταῦτα
745 3422 878 3469 ἐστιν
909 3420 999 3481 [sc.
1036 3420 1102 3467 τὸ,
1136 3420 1423 3480 προκείμενα
1456 3420 1707 3482 βραβεῖα],

553 3499 676 3550 ἀλλ’
699 3499 780 3550 οὖν
805 3501 974 3549 εἰδέναι
996 3501 1228 3560 προσήκει
1251 3501 1311 3549 ὡς
1344 3501 1518 3559 δείξει
1550 3502 1709 3548 ταῦτα

552 3581 688 3642 ἡμῖν
719 3579 745 3629 ὀ
776 3577 1078 3640 ἀγωνοθέτης
1109 3579 1257 3627 θεός.
1320 3580 1370 3627 Α
1392 3580 1707 3643 comparison

552 3662 611 3712 os
626 3661 725 3711 this
747 3667 933 3710 extract
956 3657 1079 3707 with
1097 3658 1181 3708 the
1198 3659 1585 3723 corresponding
1604 3660 1708 3708 Gk.

553 3745 612 3794 of
638 3744 734 3792 Th.
777 3742 878 3790 will
911 3742 1048 3791 shew
1080 3742 1195 3790 how
1224 3741 1411 3805 closely
1438 3742 1591 3791 Thdt.
1617 3742 1708 3791 fol-

552 3827 715 3876 lowed
739 3825 817 3875 his
839 3834 1036 3884 master,
1064 3824 1289 3883 without,
1318 3824 1567 3880 however,
1590 3839 1709 3871 con·

553 3909 859 3973 descending
883 3917 936 3957 to
960 3909 1044 3958 the
1066 3907 1195 3957 level
1218 3907 1276 3955 of
1303 3907 1386 3956 the
1411 3922 1544 3955 mere
1577 3913 1708 3956 cate·

553 3994 668 4043 nist.
736 3991 910 4053 ChryS.
941 3990 1030 4039 has
1053 3989 1267 4054 perhaps
1297 4002 1434 4036 more
1468 3986 1711 4049 correctly

553 4073 852 4140 expounded
877 4074 923 4119 εί
940 4089 987 4119 τι
1010 4072 1201 4131 ἐτέρωςε
1236 4067 1290 4119 οὖ
1312 4070 1418 4131 Ιπερὶ
1454 4066 1710 4130 δογμάτων

554 4161 711 4207 ταῦτα
733 4158 931 4216 εἴρηται,
956 4151 1089 4202 α’λλὰ
1113 4154 1218 4215 περὶ
1243 4153 1352 4213 βίου
1384 4151 1703 4211 τελειότητος,

556 4243 636 4289 καὶ
667 4236 756 4287 τοῦ
786 4236 853 4295 μή
886 4238 1088 4299 νομίζειν
1119 4233 1313 4283 ἑαυτοὺς
1340 4235 1547 4282 τελείους
1569 4234 1704 4281 εἶναι.

557 4324 666 4372 The
689 4321 875 4370 double
897 4318 1159 4381 rendering
1181 4317 1238 4365 os
1255 4314 1399 4365 ὁποῖα
1417 4319 1519 4376 (see
1537 4333 1614 4364 vv.
1632 4315 1709 4376 11.)

555 4406 597 4453 is
620 4406 716 4453 due
741 4413 794 4453 to
814 4419 845 4452 a
868 4401 1109 4466 marginal
1131 4401 1281 4465 gloss,
1306 4416 1363 4449 or
1385 4408 1439 4449 to
1460 4399 1545 4449 the
1574 4416 1706 4449 com·

555 4485 781 4536 bination
811 4483 870 4534 os
896 4491 998 4533 two
1028 4484 1272 4547 readingS,
1314 4482 1487 4545 qualia
1526 4481 1712 4545 having

1583 2882 1614 2926 4
1649 2873 1836 2931 quanta
1869 2866 2033 2916 sutura
2064 2867 2234 2931 qualia
2265 2867 2364 2916 sint
2397 2867 2526 2917 CH
2580 2874 2629 2917 et
2656 2868 2761 2931 (bes
2778 2869 2965 2934 qualia)
3043 2890 3055 2903 ·

1301 2945 1333 2995 6
1362 2946 1419 2994 nin
1443 2947 1654 2995 eandem
1680 2947 1794 3010 (sor
1814 2948 1946 3007 ead.)
1977 2948 2020 2996 C
2040 2949 2189 3008 (corr)
2220 2946 2227 3010 Ι
2260 2948 2479 3011 regulam
2510 2949 2555 2998 C
2571 2949 2636 2998 H

1051 3043 1103 3078 11
1144 3029 1298 3078 uitam
1321 3027 1515 3091 omli!
1546 3029 1835 3077 enimomr

2011 3044 2069 3092 15
2094 3045 2169 3094 sq.
2210 3028 2365 3078 Coisl.
2392 3045 2502 3092 204,
2531 3027 2565 3078 f.
2596 3044 2615 3078 ι
2623 3043 2685 3092 33
2708 3045 2740 3078 a
2761 2950 2967 3093 [gr-llilri.s

1807 3257 1936 3306 been
1958 3257 2216 3323 displaced
2241 3259 2309 3323 by
2332 3259 2415 3307 the
2437 3257 2541 3308 zeal
2560 3258 2618 3307 of
2633 3274 2664 3307 a
2684 3266 2946 3308 corrector.

1874 3343 1923 3391 6.
2001 3342 2163 3390 eadem
2197 3348 2413 3390 constare
2444 3343 2629 3405 regula,
2662 3341 2775 3402 &c.]
2847 3341 2966 3397 Th..

1808 3423 1930 3472 with
1972 3422 2056 3472 the
2094 3423 2237 3473 other
2269 3424 2370 3472 Gk.
2408 3422 2700 3487 expositors,
2738 3423 2859 3473 read
2896 3422 2968 3484 τῷ

1812 3503 1943 3564 αὐτῷ
1978 3505 2192 3565 στοιχεῖν
2224 3503 2399 3561 κανόνι,
2423 3504 2480 3553 τὸ
2503 3500 2620 3552 αὐτὸ
2645 3506 2966 3566 φρονεῖν-απ

1811 3586 1956 3634 order
1979 3585 2141 3635 which
2167 3585 2250 3635 the
2275 3586 2425 3649 Vulg.
2450 3600 2683 3634 reverses.

1878 3681 1924 3730 9.
1970 3682 2083 3729 erga
2106 3665 2218 3725 illa]
2279 3666 2375 3715 See
2397 3681 2478 3713 vv.
2502 3664 2557 3713 11.

1885 3761 1959 3797 ια.
2004 3747 2206 3811 quidam
2231 3762 2346 3795 uero
2379 3762 2479 3795 non
2513 3747 2824 3806 intendentes,
2853 3746 2968 3809 &c.]

1813 3829 1924 3878 The
1958 3829 2164 3894 opinion
2197 3829 2256 3878 of
2282 3828 2460 3891 Chrys.
2502 3828 2605 3887 (see
2644 3829 2677 3878 1.
2719 3848 2765 3891 4,
2810 3826 2963 3891 note),

1812 3913 1908 3961 and
1947 3910 2269 3969 Severianus3
2303 3909 2367 3958 cf.
2398 3909 2603 3959 Cramer
2634 3909 2700 3957 vi.
2727 3907 2838 3971 276,
2866 3910 2965 3958 and

1809 3999 1983 4055 supra,
2040 4007 2091 4056 p.
2152 4005 2246 4055 239
2305 3992 2400 4051 (vv.
2454 3989 2552 4050 11.).
2648 3989 2762 4040 Sev,
2826 4005 2966 4055 para·

1811 4072 2048 4136 phrases:
2095 4069 2179 4120 οὐκ
2224 4066 2525 4133 ἀσχολοῦμαι
2565 4072 2633 4119 είς
2675 4071 2732 4118 τὸ
2768 4069 2968 4129 ἀναμιμ-

1810 4155 2071 4212 νήσκεσθαι
2085 4154 2195 4202 τοὺς
2207 4149 2392 4214 ἀγῶνάς
2397 4168 2490 4210 μου
2502 4152 2610 4201 τοὺς
2618 4150 2966 4213 παρελθόντας,

1813 4230 1921 4281 ἀλλ’
1956 4236 2018 4283 είς
2052 4235 2110 4282 τὸ
2141 4234 2369 4294 μεριμνᾶν
2396 4234 2446 4280 τί
2479 4234 2770 4293 κατορθώσω
2802 4235 2872 4282 είς
2905 4235 2968 4282 τὸ,

1810 4313 1937 4374 ἑξῆς.
2006 4315 2178 4374 Thdt.,
2209 4330 2274 4363 on
2300 4314 2384 4364 the
2406 4314 2585 4373 whole,
2614 4313 2810 4364 follows
2840 4315 2966 4365 Tha:

1812 4396 2075 4458 παρεγγυᾷ
2108 4398 2269 4446 τοίνυν
2299 4394 2470 4445 αὐτοὺς
2497 4392 2567 4455 μὴ
2591 4393 2855 4455 ἀνέχεσθαι
2876 4395 2972 4445 τῶν

1810 4481 1876 4528 τὰ
1914 4480 2082 4537 νομικὰ
2120 4477 2191 4538 τῷ
2235 4477 2510 4539 εὐαγγελίῳ
2548 4476 2967 4540 παραμιγνύντων.
