3293 5233
337 425 425 489 II.
469 423 591 509 ιὰ]
1159 437 1243 487 IN
1294 437 1396 488 ΕΡ.
1443 437 1546 487 AD
1591 436 1964 489 EPHEsms.

2594 431 2740 506 '151

333 607 651 672 cisionem
705 606 922 671 solum
974 606 1294 682 auferenS,
1343 607 1457 670 sed
1512 617 1581 670 et
1641 607 1855 689 ipsam
1908 606 2125 687 legem
2186 627 2443 671 cessare
2502 606 2748 672 faciens

334 728 452 790 per
503 730 623 772 sua
681 709 980 773 decreta.’
1070 729 1241 791 quae
1290 717 1514 771 autem
1571 718 1729 772 sunt
1787 707 2100 772 decreta?
2189 710 2594 785 resurrectiO,
2652 709 2748 771 in-

333 812 721 896 corruptela,
752 812 1209 875 inmortalitas,
1298 811 1462 874 haec
1493 812 1672 874 enim
1698 810 2016 875 ‘decreta’
2050 812 2332 886 uocauit,
2372 813 2560 894 quasi
2593 812 2750 893 quia

334 926 404 979 et
464 917 529 980 in
592 937 659 979 re
712 917 862 992 sint,
907 937 997 979 ex
1057 915 1295 996 quibus
1362 914 1657 990 efficitur,
1720 924 1795 977 ut
1853 915 1986 977 iam
2047 913 2221 977 ultra
2276 935 2553 997 peccare
2614 936 2747 978 non

335 1018 683 1099 possimus,
744 1038 943 1099 opere
1005 1018 1070 1080 id
1125 1017 1354 1080 diuina
1404 1017 1620 1098 gratia
1675 1016 1741 1078 in
1790 1015 1981 1078 nobis
2026 1016 2472 1098 expediente;
2539 1016 2633 1079 ita
2676 1025 2751 1079 ut
2824 1031 2855 1097 5

337 1138 550 1199 neque
596 1127 950 1201 praecepta
995 1118 1265 1181 ulterius
1311 1118 1746 1200 indigeamuS,
1777 1138 1990 1198 neque
2035 1118 2173 1181 ulla
2216 1118 2537 1181 mandata
2579 1137 2751 1199 quae

336 1220 467 1284 alia
497 1222 766 1303 quidem
801 1241 920 1283 nos
952 1221 1164 1284 facere
1195 1222 1446 1294 uolunt,
1481 1220 1610 1283 alia
1642 1215 2056 1302 prohibent*

335 1315 341 1321 ⁴
469 1322 650 1387 illam
702 1345 862 1406 ergo
911 1325 1325 1387 inimi’citiam
1379 1333 1448 1387 et
1499 1324 1987 1405 separationem
2041 1343 2213 1405 quae
2265 1343 2354 1386 ex
2413 1324 2753 1387 circumci-

338 1427 523 1489 sione
584 1427 786 1491 fiebat
838 1447 989 1489 cum
1051 1428 1232 1489 omni
1294 1426 1441 1508 lege
1499 1426 1655 1489 fecit
1714 1446 2014 1504 cessare3
2075 1428 2245 1489 duos
2305 1448 2442 1505 noS,
2507 1428 2572 1492 id
2634 1439 2752 1504 est,

338 1530 524 1593 illum
562 1531 674 1612 qui
724 1551 813 1593 ex
861 1531 1172 1612 gentibus
1219 1539 1361 1611 erat
1408 1539 1476 1593 et
1523 1529 1634 1611 qui
1682 1550 1771 1592 ex
1827 1530 2108 1605 IudaeiS,
2158 1550 2364 1594 unum
2416 1533 2749 1614 quendam
2787 1547 2867 1595 ro

340 1653 590 1700 nouum
642 1632 981 1696 hominem
1029 1654 1144 1715 per
1190 1633 1732 1696 resurrectionem
1787 1632 2033 1696 faciens
2087 1634 2522 1712 inmortalem,
2572 1638 2751 1720 apud

340 1756 539 1818 quem
595 1735 775 1798 nulla
828 1736 1341 1799 circumcisionis
1400 1745 1468 1798 et
1527 1737 1853 1818 praeputii
1915 1736 2194 1800 habetur
2245 1738 2569 1805 discretio.
2660 1742 2755 1805 sic

339 1840 518 1903 enim
568 1860 688 1902 nos
735 1840 800 1901 in
848 1859 1053 1902 unum
1100 1859 1338 1921 corpus
1376 1837 1535 1902 illud
1570 1839 1921 1902 inmortale
1951 1840 2192 1904 habere
2224 1843 2456 1920 effecit,
2491 1844 2557 1906 in
2589 1865 2754 1926 pace

343 1964 464 2005 nos
518 1943 944 2014 constituens,
996 1942 1513 2006 familiaritatem
1565 1943 1905 2024 utriusque
1966 1944 2157 2007 nobis
2211 1945 2394 2008 illam
2448 1968 2617 2028 quae
2666 1948 2752 2011 ad

343 2043 563 2107 Deum
639 2053 742 2107 est
805 2042 960 2106 hinc
1033 2045 1309 2107 donans,
1407 2065 1577 2126 quae
1652 2056 1893 2108 cuncta
1966 2043 2165 2109 efficit
2222 2056 2347 2128 per
2418 2050 2751 2130 propriam
2790 2060 2861 2128 15

339 2166 600 2221 crucem,
632 2156 707 2209 ut
748 2146 928 2208 dicat
960 2150 1114 2228 ‘per
1153 2146 1529 2228 passionem
1573 2155 1641 2209 et
1681 2146 2000 2223 mortem,'
2031 2167 2299 2211 omnem
2341 2149 2753 2213 inimicitiam

341 2268 513 2329 quae
555 2249 768 2311 inesse
817 2248 1007 2310 nobis
1056 2247 1407 2311 uidebatur
1453 2248 1771 2322 adimenS,
1805 2257 2038 2330 utpote
2087 2258 2155 2312 et
2207 2249 2420 2332 ipsam
2471 2259 2752 2313 mortem

342 2461 544 2542 τομὴν
583 2460 762 2527 ἀλλὰ
793 2462 904 2528 καὶ
934 2462 1133 2530 αὐτὸν
1162 2463 1275 2529 τὸν
1316 2462 1511 2545 νόμον
1539 2463 1830 2549 παύσας]
1876 2462 1985 2528 διὰ
2021 2465 2149 2527 τῶν
2189 2458 2367 2527 ἰδίων
2396 2461 2753 2544 δογμάτων·

346 2562 451 2631 ἵνα
482 2567 654 2651 εἴπῃ,
677 2568 787 2647 τῆς
817 2565 1251 2645 ἀναστάσεως,
1282 2570 1394 2648 τῆς
1424 2566 1816 2655 ἀφθαρσίας,
1846 2569 1959 2648 τῆς
1990 2564 2365 2637 ἀθανασίας·
2410 2564 2752 2651 δόγματα

343 2671 628 2740 καλέσας
668 2675 879 2735 ταῦτα
927 2669 1010 2740 ὥς
1055 2672 1123 2736 ἐν
1160 2670 1540 2755 πράγμασιν
1588 2671 1758 2749 ὄντα,
1797 2674 1913 2752 τῆς
1959 2670 2131 2740 θείας
2171 2671 2442 2757 χάριτος
2490 2670 2558 2733 ἐν
2598 2667 2754 2751 ἡμῖν
2781 2689 2868 2736 20

344 2772 973 2854 καταπραττομὲνης,
1008 2771 1090 2843 ὥς
1117 2773 1278 2855 μηδὲ
1307 2772 1833 2860 προσταγμάτων
1862 2772 2030 2855 ἡμᾶς
2061 2772 2316 2839 δεῖσθαι
2346 2772 2456 2837 καὶ
2487 2772 2753 2852 ἐντολῆς

344 2879 457 2959 τῆς
488 2876 629 2942 τόδε
658 2902 722 2940 τι
749 2882 958 2942 ποιεῖν
986 2876 1025 2958 ἢ
1055 2878 1145 2960 μὴ
1177 2882 1385 2943 ποιεῖν
1412 2876 1820 2959 βουλομένης
1848 2875 2027 2959 ἡμᾶς.

543 3077 562 3110 ι
602 3059 759 3109 solam
782 3061 850 3110 l!
1063 3078 1120 3125 13
1155 3061 1305 3111 efficit
1334 3063 1376 3111 C
1592 3078 1649 3124 14
1685 3061 1772 3111 illa
1799 3063 1843 3112 C
1851 3060 1950 3110 *H
2146 3077 2209 3111 22
2243 3079 2292 3110 τι
2322 3078 2404 3110 om
2442 3063 2557 3110 edd.

413 3239 455 3274 2.
536 3230 632 3287 per
650 3239 742 3271 sua
765 3223 968 3284 decreta]
1039 3223 1071 3271 i.
1089 3238 1153 3280 e.,
1190 3225 1241 3271 ἐν
1277 3224 1514 3284 δόγμασιν

346 3308 430 3367 (cf.
472 3322 521 3370 p.
570 3321 674 3367 150,
726 3305 762 3353 l.
801 3320 844 3367 3,
898 3305 994 3352 “in
1039 3304 1292 3355 edictis:''
1347 3307 1512 3357 where

347 3386 570 3448 Iren.¹¹¹‘·,
607 3388 759 3449 Aug„
798 3386 1069 3441 Ambrstr„
1113 3386 1279 3450 Vulg.,
1323 3388 1512 3437 exhibit

345 3472 440 3534 [in]
475 3471 726 3530 decretis).
795 3469 894 3517 Th.
931 3485 1102 3532 agrees
1135 3470 1258 3517 with
1294 3471 1377 3519 the
1412 3479 1510 3519 rest

345 3553 402 3603 of
433 3554 515 3602 the
553 3553 653 3601 Gk.
687 3552 963 3614 expositors
996 3551 1045 3600 in
1077 3552 1372 3614 connecting
1395 3553 1445 3599 ἐν
1468 3553 1509 3599 δ.

345 3633 467 3681 with
523 3633 851 3694 καταργήσας,
913 3630 1003 3680 but
1068 3631 1209 3679 takes
1263 3631 1342 3679 his
1398 3647 1512 3679 own

344 3732 516 3765 course
562 3716 613 3763 in
660 3714 746 3762 the
792 3722 972 3762 matter
1017 3713 1075 3762 of
1112 3713 1505 3776 interpretation.

346 3799 529 3860 Comp.
571 3797 780 3859 Chrys.:
819 3796 850 3854 ἢ
889 3797 980 3854 τήν
1020 3797 1184 3843 πίστιν
1229 3792 1306 3842 οὖν
1344 3801 1508 3854 φησιν,

345 3880 376 3938 ἢ
421 3876 510 3938 τὴν
552 3879 918 3938 παραγγελίανε
977 3877 1151 3932 Thdt.,
1198 3873 1422 3936 δόγματα
1462 3875 1514 3923 δὲ

344 3958 436 4018 τὴν
498 3955 815 4019 εὐαγγελικὴν
868 3958 1180 4006 διδασκαλίαν
1254 3959 1510 4005 έκάλεσενε

350 4041 661 4100 Severianus,
713 4039 764 4088 ἐν
808 4041 1046 4101 δόγμασιν
1092 4042 1190 4089 τοῖς
1236 4041 1367 4089 ἰδίοις
1409 4041 1511 4101 [ex-

349 4123 575 4189 plaining
623 4123 762 4171 these
809 4130 862 4171 to
907 4123 971 4170 be
1017 4125 1101 4170 the
1146 4120 1415 4185 principles
1461 4121 1520 4168 of

348 4203 604 4252 Christian
649 4202 917 4265 morality].
991 4202 1089 4250 Th.
1128 4217 1195 4249 on
1239 4200 1323 4248 the
1369 4199 1510 4247 other

345 4287 482 4334 hand
515 4285 842 4333 understands
874 4286 942 4347 by
968 4282 1192 4345 δόγματα
1221 4282 1361 4344 (both
1393 4281 1511 4329 here

346 4370 447 4418 and
481 4384 545 4416 on
583 4367 691 4416 Col.
735 4367 782 4415 ii.
831 4382 905 4427 14,
943 4382 985 4429 q.
1017 4366 1088 4424 v.)
1134 4365 1219 4412 the
1253 4364 1378 4413 facts
1411 4364 1510 4411 and

345 4452 501 4515 hopes
521 4450 578 4498 of
595 4449 678 4497 the
695 4448 901 4512 Gospel,
919 4447 1082 4495 which
1103 4447 1202 4494 will
1228 4446 1512 4510 eventually

347 4532 611 4597 Supersede
637 4531 718 4582 the
742 4531 1036 4581 ordinances
1060 4529 1118 4578 of
1135 4529 1218 4577 the
1243 4530 1357 4577 law.

1666 3236 1711 3287 7.
1777 3225 1883 3274 alia
1916 3225 2128 3289 quidem,
2163 3224 2279 3286 δια]
2333 3223 2431 3274 See
2468 3224 2648 3286 beloxn,
2688 3241 2755 3275 on

1597 3309 1729 3357 Phil.
1754 3308 1822 3358 iii.
1857 3325 1929 3374 19,
1961 3309 2075 3357 Col.
2104 3309 2151 3357 ii.
2185 3325 2263 3358 21.

1664 3392 1710 3438 8.
1793 3390 1935 3436 illam
1962 3406 2071 3452 ergo
2101 3388 2428 3448 inimicitiam,
2465 3388 2577 3450 &c.]
2651 3389 2748 3439 Th.

1595 3473 1745 3522 refers
1768 3473 1856 3530 τήν
1878 3474 2058 3533 ἔχθραν
2079 3471 2259 3539 almost
2283 3473 2580 3536 exclusively
2599 3480 2650 3522 to
2669 3473 2753 3523 the

1590 3552 1817 3617 jealousy
1847 3553 2044 3602 created
2083 3553 2308 3601 between
2342 3553 2450 3617 Jew
2484 3555 2582 3602 and
2621 3555 2755 3603 Gen-

1597 3634 1682 3682 tile
1718 3633 1784 3696 by
1824 3633 1909 3681 the
1941 3633 2034 3681 rite
2064 3632 2122 3680 of
2148 3632 2490 3681 circumcision
2531 3634 2630 3680 and
2668 3633 2755 3682 the

1597 3714 1792 3761 Mosaic
1823 3713 1931 3762 law.
2005 3713 2195 3776 Thpht.
2233 3729 2299 3761 on
2329 3714 2414 3761 the
2444 3714 2587 3762 other
2619 3713 2755 3762 hand

1595 3796 1847 3859 explains:
1906 3791 1937 3854 ἠ
1974 3794 2129 3856 ἔχθρα
2161 3793 2191 3853 ἦ
2228 3795 2345 3856 πρὸς
2387 3790 2471 3844 rav
2509 3790 2618 3843 θεὸν
2660 3797 2757 3842 τῶν

1595 3877 1789 3923 ἐθνικῶν
1835 3893 1886 3922 τε
1934 3878 2013 3922 καὶ
2055 3877 2152 3921 τῶν
2192 3872 2447 3922 Ἰουδαίων.
2549 3873 2754 3923 Photius

1596 3958 1639 4019 [Ρ
1661 3973 1739 4021 ap.
1772 3957 1922 4018 Oec.]
1955 3956 2081 4005 after
2112 3956 2338 4019 alluding
2371 3966 2423 4004 to
2453 3971 2482 4003 a
2514 3955 2645 4004 third
2680 3956 2753 4004 in-

1592 4040 1916 4103 terpretation
1962 4039 2061 4100 [καὶ
2102 4036 2217 4099 πρὸς
2253 4036 2492 4097 ἀγγέλους
2535 4039 2751 4095 ἐξεπολέ-

1591 4139 1726 4180 μωτο
1747 4118 1805 4168 τὸ
1828 4119 2146 4180 ἀνθρώπινονε
2179 4121 2241 4170 cf.
2265 4119 2402 4182 Orig,
2424 4127 2501 4181 ap.
2530 4120 2750 4178 Cramer,

1591 4203 1658 4250 vi.
1711 4202 1840 4264 15o],
1901 4202 2044 4251 seeks
2097 4211 2150 4251 to
2195 4202 2425 4250 combine
2469 4202 2607 4250 these
2653 4209 2754 4250 two

1588 4285 1743 4332 views
1778 4283 1829 4331 in
1870 4299 1998 4332 one:
2047 4286 2126 4331 νῦν
2164 4285 2215 4331 δὲ
2247 4284 2363 4331 τέως
2398 4285 2504 4343 περὶ
2543 4280 2639 4331 τῶν
2674 4285 2755 4332 δύο

1590 4365 1817 4426 [ἐχθρῶν]
1841 4367 2175 4427 διαλαμβάνει,
2207 4363 2267 4423 ἢν
2296 4367 2428 4426 εἶχον
2461 4367 2503 4413 οἱ
2529 4366 2580 4423 ἐξ
2609 4366 2759 4413 ἐθνῶν

1591 4443 1708 4502 πρὸς
1743 4449 1850 4497 τοὺς
1883 4450 1933 4506 ἐξ
1965 4445 2226 4503 Ἰουδαίων,
2258 4447 2334 4495 καὶ
2368 4446 2430 4505 ἢν
2463 4443 2610 4506 ἅμφω
2637 4447 2755 4507 πρὸς

1591 4527 1673 4576 τὸν
1695 4526 1801 4576 θεὸν
1824 4526 1919 4577 τῶν
1939 4531 2080 4577 ὅλων.
