3293 5233
566 362 689 430 154
1209 362 1664 415 THEonosz
1712 363 2294 416 MOPSUESTENUS
2579 351 2742 434 [III.
2786 369 2973 432 1—4.

555 534 623 596 in
683 553 818 596 uno
877 533 1236 598 consistere
1296 534 1635 599 aedificio!
1727 556 1884 598 nam
1948 537 2127 618 quod
2188 537 2404 600 dixit:
2481 535 2552 598 in
2610 557 2762 622 quo·
2787 558 2975 601 omne

556 645 797 700 tactum
847 647 1223 724 coaptatam,
1274 647 1349 702 ut
1392 640 1573 702 dicat
1622 639 1865 701 ‘omnis
1919 638 2088 720 lapis
2147 639 2259 721 qui
2311 639 2434 702 sub
2487 649 2669 702 tactu
2721 640 2973 727 cadit-3⁹

555 760 596 803 a
655 740 946 821 quadam
1007 742 1409 822 proprietate
1470 742 1566 804 ita
1622 741 1866 818 dicenS,
1919 742 1985 804 in
2035 743 2266 804 ordine
2319 733 2630 806 uidelicet
2679 742 2973 807 hominis

556 839 847 921 lapidem
880 841 1166 905 dicens?

493 959 524 1026 5
686 953 754 1006 et
785 944 1100 1025 quoniam
1133 944 1315 1006 omni
1348 965 1436 1006 ex
1470 954 1658 1026 parte
1690 945 1912 1008 retulit
1934 944 2062 1007 Dei
2093 946 2377 1028 gratiam
2412 967 2582 1028 quae
2615 947 2680 1008 in
2714 967 2836 1009 nos
2866 957 2972 1010 est

557 1052 625 1106 et
666 1046 1155 1108 resurrectionis
1187 1045 1438 1108 lucrum
1471 1055 1538 1109 et
1570 1045 1830 1108 illorum
1877 1067 2049 1128 quae
2095 1058 2533 1129 expectamus
2565 1048 2969 1129 magnitudi-

558 1167 727 1224 nem,
762 1148 993 1212 adicit:

685 1290 882 1353 huius
927 1290 1027 1354 rei
1058 1290 1292 1375 gratia
1337 1313 1447 1374 ego
1494 1290 1766 1368 Paulus,
1821 1290 2076 1354 uinctus
2128 1291 2377 1357 Christi
2418 1292 2568 1356 Iesu
2611 1304 2740 1376 pro
2791 1294 2973 1359 uobis

545 1391 862 1473 gentibus:

457 1524 534 1569 10
688 1522 756 1576 et
786 1533 919 1575 non
951 1513 1128 1576 dixit
1160 1512 1271 1575 illa
1298 1534 1470 1595 quae
1501 1513 1695 1576 huius
1727 1512 1817 1576 rei
1848 1513 2063 1595 gratia
2093 1513 2222 1577 dici
2265 1514 2579 1591 uoluerat,
2620 1516 2734 1578 sed
2776 1516 2969 1579 relin-

557 1635 767 1698 quens
804 1617 871 1679 in
914 1616 1149 1680 ultimo
1180 1618 1321 1679 eius
1352 1616 1890 1699 supplementum
1923 1618 2008 1680 ad
2043 1617 2202 1680 illud
2236 1621 2518 1683 cucurrit
2548 1623 2726 1702 quod
2759 1611 2996 1702 dixit3'

558 1718 812 1782 uinctus
868 1730 995 1800 pro
1052 1720 1232 1784 uobis
1276 1720 1595 1802 gentibus.
1716 1720 1827 1784 illa
1888 1741 2061 1802 quae
2120 1723 2689 1805 subsequebantur
2746 1730 2968 1807 adicit,

535 1825 917 1886 ‚ostendens
969 1825 1535 1905 quemadmodum
1590 1823 1682 1887 illi
1732 1825 2058 1906 pertinere
2112 1826 2373 1890 uidetur
2417 1829 2718 1910 gentium
2768 1853 2968 1896 euan-

558 1924 821 2005 gelium',
857 1945 975 2007 pro
1007 1945 1139 2005 quo
1170 1926 1371 1987 etiam
1406 1926 1702 1988 uinctum
1735 1946 1805 1988 se
1837 1947 1980 1988 esse
2011 1928 2203 1990 dicit:

455 2067 525 2133 15
685 2051 751 2113 si
778 2061 990 2113 tamen
1019 2050 1300 2113 audistis·
1328 2050 1854 2131 dispensationem
1875 2054 2140 2134 gratiae
2165 2054 2294 2117 Dei
2308 2077 2468 2136 quae
2495 2057 2655 2120 data
2682 2071 2778 2123 est
2805 2061 2974 2125 milti

558 2155 629 2217 in
662 2154 852 2230 uobis,
883 2154 1185 2236 quoniam
1228 2153 1525 2237 [secunda
1532 2177 1595 2217 m
1628 2155 2075 2219 reuelationem
2107 2157 2356 2242 notum]
2388 2161 2652 2241 factum
2683 2173 2776 2225 est
2804 2164 2974 2228 milti

525 2331 529 2336 ,
556 2261 949 2342 mysterium,
1007 2259 1172 2322 sicut
1206 2260 1602 2340 praescripsi
1660 2260 1732 2322 in
1776 2261 2105 2342 paucibus‚
2149 2273 2354 2342 prout
2386 2266 2654 2344 potestis
2703 2266 2969 2349 legentes

558 2365 912 2446 intellegere
942 2361 1364 2443 prudentiam
1419 2384 1627 2426 meam
1681 2363 1752 2426 in
1797 2365 2170 2444 mysterium
2224 2366 2488 2431 Christi.

559 2528 754 2610 δομὴν
784 2528 1127 2611 δεξάμενοι.
1218 2528 1292 2593 τὸ
1324 2527 1392 2594 δὲ
1423 2530 1492 2594 ἐκ
1536 2529 1591 2615 ᾦ
1621 2537 1777 2596 mico.
1813 2533 1947 2609 ἁφή
1987 2539 2626 2618 &mammos-ormena,
2663 2533 2763 2600 ἵνα
2794 2537 2967 2622 εἴπῃ·

447 2650 531 2696 20
557 2632 688 2700 πᾶς
716 2630 897 2700 λίθος
928 2628 1056 2694 ὑπὸ
1084 2628 1256 2714 ἁφὴν
1283 2630 1568 2696 πίπτων·
1659 2630 1792 2697 ἀπό
1823 2659 1992 2702 τινος
2024 2632 2366 2716 ἰδιώματος
2410 2633 2608 2707 οὕτως
2657 2637 2868 2717 εἰπών,
2903 2638 2970 2703 ἐν

557 2730 738 2814 τάξει
768 2731 1063 2812 δηλονότι
1093 2730 1437 2819 ἀνθρώπου
1467 2733 1581 2800 τὸν
1608 2734 1800 2799 λίθον
1826 2734 2054 2817 λέγων.

2401 2870 2460 2920 16
2493 2887 2586 2921 sec.
2618 2872 2769 2921 reuel.
2793 2880 2966 2924 notum

1992 2967 2055 3001 ‘zo
2089 2952 2296 3000 πίστεως
2320 2948 2433 3015 (sor
2453 2951 2662 3016 πίπτων)
2689 2954 2800 3004 edd.

656 2884 683 2931 3
719 2868 814 2917 ista
836 2867 949 2932 (for
968 2867 1054 2933 ita)
1085 2869 1128 2917 C
1156 2867 1302 2932 (corr)
1466 2884 1491 2930 5
1526 2869 1688 2933 gratia
1716 2870 1785 2918 C*
1816 2868 1823 2934 Ι
1856 2870 2000 2918 nobis
2030 2870 2074 2918 C
2094 2868 2241 2932 (corr)

555 2965 633 2998 om
662 2949 782 2997 CH
974 2960 1031 3010 17
1065 2950 1239 3013 scripsi
1263 2950 1329 2998 H
1342 2947 1351 3014 Ι
1380 2950 1551 3013 paucis
1580 2951 1622 2999 C
1643 2952 1793 3011 (corr)

628 3093 669 3125 1.
753 3093 896 3125 omne
966 3078 1171 3138 tactum]
1246 3079 1382 3125 πᾶσα
1435 3077 1582 3138 ἁφήε
1640 3078 1702 3127 cf.
1882 3093 1955 3128 10.
2024 3079 2301 3142 relinquens
2322 3080 2378 3127 in
2401 3080 2594 3140 ultimo]
2647 3079 2744 3130 Th.
2762 3081 2967 3145 regards

556 3175 607 3223 p.
631 3172 686 3219 15
693 3175 735 3221 3,
765 3159 797 3208 l.
826 3174 897 3220 15.
973 3159 996 3205 Ι
1022 3175 1115 3207 can
1139 3159 1255 3222 only
1279 3169 1489 3208 account
1512 3159 1588 3207 for
1610 3159 1710 3207 this

555 3242 773 3305 singular
791 3257 924 3290 error
942 3242 1006 3303 by
1022 3241 1295 3304 supposing
1312 3241 1419 3289 that
1438 3241 1531 3289 Th.
1555 3249 1709 3289 wrote

555 3323 633 3371 his
678 3330 1015 3384 commentary
1059 3338 1125 3370 on
1170 3322 1268 3370 this
1313 3338 1452 3371 verse
1497 3322 1708 3371 without

556 3404 804 3453 reference
834 3411 888 3450 to
920 3402 997 3450 his
1033 3403 1206 3461 codex,
1244 3403 1343 3450 and
1382 3403 1489 3451 that
1521 3403 1585 3451 he
1618 3404 1710 3452 has

557 3481 774 3529 blended
818 3497 860 3528 c.
909 3480 958 3526 ii.
1009 3496 1063 3528 21
1115 3482 1166 3526 ἐν
1219 3478 1256 3539 ᾧ
1300 3482 1440 3528 πᾶσα
1486 3482 1709 3540 οἰκοδομὴ

557 3563 1042 3623 συναρμολογουμένη
1074 3562 1194 3610 with
1236 3563 1296 3611 iv.
1346 3561 1403 3611 16
1441 3566 1491 3623 ἐξ
1527 3563 1580 3611 οὗ
1612 3564 1711 3615 miv

556 3644 613 3692 τὸ
659 3644 798 3700 σῶμα
848 3641 1491 3705 συναρμολογούμενον...διὰ
1548 3648 1710 3704 πάσης

558 3725 700 3785 ἁφῆς.
782 3724 882 3773 For
927 3724 1169 3773 instances
1215 3726 1274 3773 of
1321 3726 1611 3790 inaccuracy
1658 3728 1709 3776 in

550 3806 633 3854 his
689 3805 950 3869 quotation
995 3804 1052 3853 of
1102 3805 1356 3869 Scripturc
1411 3823 1492 3855 see
1548 3809 1708 3856 above

557 3904 606 3951 p.
638 3902 714 3948 54,
751 3887 781 3935 1.
815 3885 860 3945 6,
901 3894 1054 3944 note;
1089 3903 1140 3950 p.
1178 3887 1259 3943 81,
1292 3887 1323 3935 l.
1363 3906 1407 3948 4,
1438 3896 1569 3937 note.
1646 3889 1706 3937 In

557 3970 641 4018 the
698 3974 893 4033 present
949 3984 1156 4032 passage
1211 3968 1304 4016 Th.
1359 3969 1447 4017 has
1493 3969 1578 4018 felt
1625 3970 1708 4018 the

556 4051 922 4099 awkwardness
957 4050 1015 4098 of
1040 4051 1117 4098 his
1149 4067 1262 4099 own
1296 4066 1445 4109 error,
1485 4051 1585 4099 and
1619 4051 1709 4099 has

556 4132 735 4194 sought
773 4138 825 4179 to
860 4132 1019 4180 lessen
1054 4132 1090 4178 it
1127 4132 1191 4194 by
1222 4132 1476 4194 assigning
1514 4138 1564 4179 to
1602 4129 1709 4192 ἁφή

556 4228 586 4259 a
625 4212 818 4275 passive
852 4227 1008 4269 sense,
1039 4212 1171 4259 λίθος
1200 4210 1290 4257 ὑπὸ
1331 4209 1461 4271 ἁφὴν
1497 4213 1700 4259 πίπτων.

554 4292 639 4341 On
663 4293 747 4341 the
771 4293 896 4340 form
918 4299 1100 4339 tactum
1126 4308 1206 4340 see
1232 4309 1280 4356 p.
1304 4305 1409 4353 170,
1441 4293 1473 4339 l.
1500 4309 1540 4352 1,
1569 4301 1703 4342 note.

622 4389 665 4435 3.
737 4390 770 4420 a
808 4375 1022 4437 quadam
1052 4372 1368 4437 proprietate]
1436 4374 1516 4422 Cf.
1542 4391 1591 4438 p.
1620 4377 1698 4438 98,

554 4454 609 4502 ll.
636 4467 712 4513 αι,
748 4466 822 4515 27.

1812 3158 1897 3207 the
1928 3159 2102 3207 thread
2132 3160 2190 3207 of
2221 3159 2306 3207 the
2335 3167 2594 3223 argument
2627 3176 2682 3209 as
2713 3161 2864 3210 taken
2896 3176 2966 3225 up

1811 3240 1958 3302 again
1982 3240 2034 3287 in
2058 3256 2273 3318 verse-14
2292 3238 2358 3304 (p.
2387 3243 2491 3302 158,
2523 3240 2551 3289 l.
2583 3257 2656 3296 11,
2675 3239 2829 3305 note).
2904 3241 2965 3290 In

1814 3316 1911 3365 this
1936 3317 2059 3365 view
2082 3317 2145 3365 he
2169 3318 2209 3366 is
2225 3317 2465 3367 followed
2491 3318 2558 3381 by
2575 3318 2752 3376 Thdt.;
2789 3318 2966 3382 Chrys.

1811 3399 1978 3447 would
2009 3399 2191 3463 supply
2219 3396 2457 3459 ἐγενόμην
2488 3400 2657 3449 before
2689 3398 2715 3447 ὁ
2747 3402 2966 3457 ὀέσμιοςε

1814 3481 1891 3527 διὰ
1926 3480 2068 3528 τοῦτο
2105 3482 2181 3527 καί
2221 3482 2318 3541 ἐγὼ
2357 3482 2563 3542 δέδεμαι,
2607 3484 2771 3542 φησίν.
2841 3486 2966 3535 Oec.

1811 3578 1917 3611 sees
1942 3563 2026 3611 the
2055 3564 2068 3587 ‘
2086 3563 2409 3626 antapodosis
2425 3562 2437 3583 ’
2462 3564 2513 3611 in
2538 3581 2583 3611 v.
2613 3566 2657 3612 8.
2727 3566 2804 3615 Of
2819 3568 2967 3617 Th.’s

1812 3644 2061 3691 readiness
2080 3650 2131 3691 to
2151 3644 2255 3691 find
2278 3644 2587 3707 parenthetic
2605 3650 2968 3699 constructions

1811 3726 1862 3773 in
1921 3728 1974 3775 S.
2024 3725 2189 3773 Paul's
2234 3726 2455 3789 writings
2499 3743 2580 3776 see
2626 3744 2735 3777 exx.
2782 3732 2960 3791 above,

1809 3822 1896 3871 Pp·
1929 3818 2001 3867 Ῐ7,
2038 3822 2110 3870 19,
2144 3805 2219 3868 36·

1882 3884 1952 3934 16.
1993 3888 2258 3934 secandune
2289 3886 2485 3936 reuelat.
2509 3890 2703 3950 notum]
2738 3890 2966 3941 Omitted

1808 3970 1877 4032 by
1909 3970 1993 4017 the
2027 3986 2160 4017 error
2183 3970 2240 4017 of
2270 3986 2300 4018 a
2338 3971 2516 4027 scribe,
2552 3973 2767 4037 perhaps
2796 3974 2846 4022 in
2880 3975 2965 4025 the

1807 4048 2076 4113 archetype
2112 4050 2170 4097 of
2207 4066 2296 4098 our
2336 4057 2436 4099 two
2474 4051 2626 4101 MSS.
2703 4054 2836 4102 That
2860 4056 2958 4104 Th.

1809 4134 1926 4181 read
1966 4135 2088 4181 κατὰ
2126 4134 2437 4195 ἀποκάλυψιν
2477 4136 2721 4195 ἑγωρίσθη
2754 4152 2967 4201 appears

1805 4212 1933 4261 from
1958 4214 2041 4261 the
2065 4228 2244 4262 comm.
2276 4215 2346 4276 (p.
2378 4227 2483 4273 155,
2515 4215 2546 4263 l.
2580 4218 2649 4280 9).

1878 4311 1895 4343 1
1909 4308 1951 4355 7.
2008 4295 2326 4357 praescripsi]
2395 4296 2440 4342 V
2446 4297 2566 4359 ulg.,
2587 4305 2741 4359 supra
2771 4298 2959 4361 scrtpsi.

1807 4375 1885 4424 Cs.
1918 4376 2154 4433 Paucker‚
2188 4376 2335 4423 mclel.
2360 4376 2516 4424 lexist.
2545 4386 2684 4439 spec„
2707 4393 2758 4441 p.
2785 4390 2829 4437 5.

1872 4458 1926 4505 in
1996 4457 2256 4520 paucihus]
2345 4458 2445 4506 For
2498 4475 2610 4506 cxx.
2669 4460 2727 4508 of
2775 4460 2966 4510 similar
