3293 5233
324 379 415 445 11.
456 397 549 458 10,
588 380 712 466 11.]
1039 394 1123 447 1N
1170 395 1276 448 ΕΡ.
1320 395 1423 446 AD
1472 394 2017 448 PHILIPPENSES.
2605 398 2733 464 223

319 566 542 632 Deum
573 568 1013 634 confiteantur
1039 569 1260 633 Iesum
1288 569 1625 635 Christum
1660 569 1726 632 in
1757 569 1969 653 gloria
2001 568 2130 633 Dei
2162 567 2371 653 patris
2389 568 2738 648 effectum3

319 670 446 735 hoc
493 682 609 748 est,
656 671 860 737 talem
914 674 1203 757 potitum
1252 671 1550 754 gloriam,
1601 671 1867 756 qualem
1915 672 2014 736 sas
2058 680 2161 736 est
2208 671 2392 736 illum
2446 671 2560 756 qui
2607 672 2738 736 sibi

318 785 575 860 patrem
607 777 919 843 adscribit
953 776 1174 840 Deum
1207 775 1421 859 potiri,
1454 783 1729 858 propter
1769 774 1955 839 illam
2000 774 2496 859 copulationem
2527 793 2732 858 quam

315 876 524 942 habet
566 879 651 942 ad
712 875 1169 961 Unigenitum.
1262 880 1579 960 quoniam
1629 887 1857 941 autem
1905 876 2072 940 haec
2130 885 2286 960 post
2346 876 2736 959 passionem·

316 980 650 1064 adquisita
696 990 852 1046 sunt
905 980 997 1043 illi
1047 981 1159 1064 qui
1196 980 1592 1064 adsumptus
1641 989 1760 1058 est,
1821 995 2020 1044 nemo
2067 982 2181 1063 qui
2225 981 2519 1058 nesciat3
2580 979 2733 1043 Deo
2806 989 2838 1056 5

317 1093 541 1148 autem
587 1084 814 1148 Verbo
860 1084 1138 1147 aderant
1180 1104 1220 1147 a
1262 1084 1605 1167 principio,
1639 1093 1877 1165 utpote
1917 1085 2218 1148 omnium
2262 1083 2511 1160 factori,
2545 1085 2732 1166 quod*

314 1185 648 1248 neminem
698 1186 979 1250 aestimo
1025 1185 1491 1262 contradicere,
1547 1186 1673 1249 nisi
1721 1185 1891 1250 sorte
1940 1186 2140 1250 ualde
2180 1187 2376 1250 cedat
2414 1186 2736 1250 insaniae.-

311 1290 672 1353 caelestium
703 1290 973 1372 quidem
1005 1289 1168 1353 dicit
1197 1293 1212 1320 ‘
1234 1288 1664 1352 inuisibilium
1698 1290 2019 1353 uirtutum
2041 1289 2085 1368 3'
2133 1289 2540 1353 terrestrium
2572 1309 2733 1352 uero

315 1391 644 1454 ‘uiuorum
676 1388 1020 1452 hominum
1040 1390 1080 1469 ;'
1119 1390 1529 1471 infernorum
1561 1392 1765 1455 etiam
1801 1389 2086 1454 ‘illorum
2119 1392 2232 1474 qui
2266 1391 2508 1454 mortui
2539 1389 2732 1466 sunt,’

313 1492 427 1575 qui
459 1501 526 1555 et
558 1492 683 1574 ipsi
714 1513 832 1575 per
871 1493 1413 1556 resurrectionem
1461 1494 1831 1557 Dominum
1871 1493 2369 1559 confitebuntur
2408 1515 2730 1558 resurrec-
2766 1509 2845 1559 10

315 1594 515 1658 tionis
552 1615 712 1658 suae
753 1603 1109 1658 auctorem.

446 1695 609 1760 illud
642 1697 813 1761 inter
840 1707 1059 1761 cetera
1088 1707 1190 1761 est
1220 1698 1716 1781 explicandum,
1736 1701 1917 1784 quod
1943 1701 2216 1784 quidam
2247 1700 2729 1769 haereticorum

315 1797 740 1863 interuertere
800 1798 1098 1863 uolentes
1143 1801 1596 1864 testimonium
1645 1802 1807 1866 illud
1855 1804 2036 1888 quod
2089 1804 2342 1869 dictum
2403 1813 2546 1870 est:
2605 1827 2732 1870 non

314 1903 619 1985 rapinam
664 1903 1030 1966 arbitratus
1076 1912 1184 1979 est,
1230 1924 1360 1966 esse
1406 1925 1473 1967 se
1520 1907 1845 1986 aequalem
1890 1906 2043 1984 Dea,
2096 1908 2191 1972 sic
2238 1906 2731 1986 intellexerunt,

314 2006 631 2086 quoniam
685 2005 1133 2069 ‘existimauit
1187 2005 1455 2088 (inquit)
1514 2006 1815 2072 Christus
1868 2009 2220 2072 conuenire
2271 2009 2414 2087 sibi,
2469 2020 2542 2074 ut
2595 2031 2728 2074 non
2765 2025 2837 2093 15

313 2117 574 2192 raperet
603 2107 783 2171 illam
809 2107 1297 2191 aequalitatem,
1320 2129 1520 2191 quam
1548 2110 1734 2174 Deus
1756 2110 2001 2176 habere
2024 2111 2414 2177 uidebatur.¹
2476 2113 2730 2178 dictum

553 2264 579 2315 7
615 2252 710 2302 nisi
735 2252 777 2301 si
799 2250 893 2317 H!
923 2253 1039 2302 sorti
1068 2249 1248 2302 cHr·

312 2373 347 2423 l.
385 2389 460 2437 13,
499 2380 635 2422 note.
704 2374 826 2422 Add
862 2374 1051 2438 Migne,
1094 2376 1225 2440 989:
1262 2376 1478 2435 τοσαύτη

313 2456 516 2516 ’γέγονεν
559 2455 666 2515 περὶ
700 2455 786 2502 τὸν
817 2452 1073 2516 ἄνθρωπον
1105 2454 1138 2513 ὴ
1174 2455 1292 2515 τιμὴ
1328 2471 1477 2502 κατα·

313 2536 544 2595 ξιωθέντα
566 2535 695 2584 θείας
725 2536 1016 2595 ἐνοικήσεως,
1046 2535 1134 2584 τοῦ
1153 2552 1210 2583 τε
1237 2536 1478 2594 καθῆσθαι

315 2618 369 2666 ἐκ
414 2618 577 2676 δεξιῶν
618 2620 704 2666 τοῦ
749 2619 933 2680 πατρὸς
977 2618 1057 2666 καὶ
1107 2619 1478 2679 προσκυνεῖσθαι

313 2698 450 2758 παρὰ
494 2698 655 2756 πάσης
697 2699 784 2756 τῆς
835 2699 1048 2747 κτίσεως.
1141 2698 1204 2746 In
1248 2713 1281 2746 a
1325 2698 1475 2747 Latin

312 2775 558 2841 fragment
584 2779 689 2842 (pp.
719 2780 953 2842 991-2)‚
982 2776 1078 2827 Th.
1108 2793 1367 2841 compares
1389 2779 1475 2828 the

312 2858 575 2908 adoration
600 2859 659 2908 of
686 2860 770 2908 the
794 2860 919 2908 Man
942 2860 992 2908 in
1018 2859 1185 2909 Christ
1209 2866 1262 2908 to
1285 2859 1394 2910 that
1422 2860 1484 2908 of

313 2941 399 2989 the
427 2939 713 3004 Emperor’s
745 2940 943 3005 image3
977 2940 1039 2991 cf.
1080 2940 1223 3003 infra
1258 2955 1326 2989 on
1361 2940 1474 2990 Col.

313 3039 349 3072 ι.
379 3038 453 3087 ¹5·

380 3119 427 3152 α.
472 3103 619 3152 talem
644 3102 861 3167 potitum
886 3101 1129 3167 gloriam]
1195 3101 1276 3152 Cf.
1306 3117 1355 3167 p.
1387 3118 1471 3164 40,

313 3185 348 3236 l.
384 3201 457 3246 11,
486 3193 620 3235 note.

381 3281 425 3329 5.
476 3269 724 3332 adquisita
768 3275 889 3317 sunt
932 3268 1026 3327 illi,
1087 3267 1203 3330 διε-1
1290 3267 1473 3317 Thdt.:

312 3350 484 3398 ἑαυτὸν
504 3352 809 3400 ταπεινώσας
841 3353 896 3399 οὔ
925 3351 1071 3408 μόνον
1105 3352 1188 3399 οὐκ
1222 3353 1477 3399 ἀπώλεσεν

311 3434 432 3494 ὅπερ
459 3431 589 3491 εἶχεν
622 3430 682 3480 ὠς
716 3431 835 3490 θεός,
877 3432 1011 3478 ἀλλὰ
1041 3433 1121 3479 καὶ
1155 3431 1223 3480 ὡς
1256 3429 1475 3491 ‹inopu-

313 3529 419 3562 πος
454 3515 623 3560 τοῦτο
654 3513 1056 3573 προσέλαβεν.
1124 3513 1224 3562 For
1248 3513 1333 3562 the
1355 3529 1474 3562 con·

312 3594 551 3644 struction
583 3593 696 3658 adq.
731 3594 815 3642 illi
843 3593 910 3643 cf.
948 3593 1167 3654 Ronsch,
1203 3594 1355 3653 Itala,
1385 3609 1474 3659 pp.

313 3674 522 3739 436—7·

379 3758 424 3807 8.
484 3756 755 3805 caelestium
854 3754 1119 3817 auctorem]
1209 3756 1359 3806 Cited
1405 3757 1472 3821 by

312 3837 563 3887 Lanfranc
598 3841 700 3898 (see
741 3854 820 3886 vv.
860 3837 954 3897 ll.).
1032 3838 1094 3886 R.
1137 3838 1196 3887 of
1234 3839 1323 3887 B.:
1368 3840 1472 3887 “ut

312 3926 565 3968 terrestres
592 3919 726 3967 dicat
760 3919 904 3967 uiuos
937 3918 1180 3977 homineS,
1209 3918 1475 3968 infernales

311 4003 552 4066 appellet,
584 4009 824 4060 mortuos,
875 4002 961 4066 qui
1007 4008 1057 4051 et
1104 4002 1199 4066 ipsi
1242 4017 1333 4065 per
1376 4017 1468 4050 res.

312 4083 607 4141 Dominum,
638 4080 767 4131 &c.”

374 4163 487 4211 cael.
537 4162 727 4226 quidem
783 4161 902 4210 dicit
950 4160 1296 4222 inuisibilium,
1356 4160 1474 4222 &c.]

310 4244 494 4293 Thdt.:
532 4244 915 4308 έπουρανίους
953 4244 1098 4291 καλεῖ
1127 4245 1214 4293 τὰς
1248 4245 1478 4304 ἀοράτους

311 4327 543 4384 δυνάμεις·
584 4327 888 4387 ἐπιγείους
932 4326 999 4384 δέ,
1043 4326 1155 4374 τοὺς
1186 4326 1258 4374 ἔτι
1298 4327 1474 4388 ζῶντας

310 4409 604 4468 ἀνθρώπους·
644 4410 726 4456 καὶ
769 4407 1198 4467 καταχθονίους
1240 4408 1349 4456 τοὺς
1396 4424 1473 4454 τε-

309 4490 532 4539 θνεῶτας.
618 4488 819 4552 Chrys..
864 4487 1100 4538 followed
1146 4487 1214 4551 by
1258 4486 1468 4552 Thpht.‚

1439 2265 1495 2315 15
1529 2253 1832 2304 existimabit
1861 2253 1931 2304 C*
1954 2255 2018 2304 H
2030 2273 2062 2304 r
2085 2252 2095 2320 Ι
2126 2254 2246 2305 Chr.
2274 2253 2436 2320 inquit
2457 2255 2527 2304 H

1572 2375 1718 2437 Oce„
1753 2378 2082 2428 understands
2124 2375 2195 2442 (1)
2233 2377 2420 2442 angels,
2458 2393 2591 2438 men,
2629 2378 2731 2428 and

1571 2457 1766 2519 devils3
1821 2475 1880 2509 or
1924 2461 1996 2521 (2)
2044 2460 2129 2511 the
2183 2460 2437 2525 righteous
2489 2461 2590 2509 and
2645 2459 2731 2510 the

1570 2539 1782 2591 wicked.

1644 2637 1717 2673 ια.
1799 2624 2002 2688 quidam
2057 2624 2426 2686 haereticorum]
2520 2624 2731 2688 Jacobi:

1575 2704 1611 2729 ‘⁸
1627 2704 1841 2753 Arianos
1864 2702 2160 2767 intellegit-’⁹
2217 2705 2397 2769 Chrys.
2420 2705 2494 2754 ad
2510 2704 2559 2753 h.
2584 2705 2620 2754 l.
2657 2720 2730 2755 re-

1571 2793 1796 2847 presents
1840 2785 1927 2833 the
1964 2784 2149 2832 Arians
2192 2800 2248 2832 as
2283 2784 2607 2849 expounding
2644 2783 2731 2834 the

1569 2879 1779 2929 passage
1803 2864 1916 2913 thus
1937 2883 1949 2912 ε
1985 2866 2089 2914 θεὸς
2113 2862 2181 2912 ὢν
2204 2865 2422 2912 ἐλάττων
2451 2866 2543 2926 οὐχ
2575 2863 2731 2927 ἥρπα-

1570 2961 1655 2993 σεν
1687 2946 1746 2993 τὸ
1785 2945 1907 2992 εἶναι
1941 2946 2027 2993 ἴσα
2064 2944 2134 3006 τῷ
2173 2946 2271 3005 θεῷ
2300 2944 2373 3006 τῷ
2408 2947 2612 3006 μεγάλῳ
2651 2946 2731 2994 καὶ

1567 3026 1762 3087 μείζονι.
1844 3026 1930 3074 He
1960 3026 2159 3089 replies,
2182 3041 2238 3074 as
2267 3026 2384 3085 Th„
2412 3025 2521 3075 that
2557 3024 2625 3089 (ι)
2661 3041 2731 3076 no

1569 3112 1791 3155 creature
1813 3104 1857 3154 if
1881 3104 2001 3153 wise
2031 3106 2129 3156 and
2160 3105 2294 3168 good
2326 3105 2476 3155 could
2500 3121 2557 3155 so
2579 3106 2730 3156 much

1569 3201 1624 3234 as
1643 3185 1787 3235 think
1811 3186 1870 3235 of
1884 3186 2092 3250 making
2113 3186 2318 3237 himself
2334 3187 2481 3251 equal
2498 3187 2621 3237 with
2642 3188 2729 3240 the

1570 3268 1816 3327 Creator;
1880 3267 1953 3327 (τ)
1998 3268 2085 3316 the
2140 3268 2297 3317 Arian
2353 3269 2730 3335 interpretation

1569 3347 1737 3396 would
1773 3348 1979 3397 commit
2012 3348 2096 3396 the
2130 3349 2232 3413 Ap.
2268 3357 2322 3397 to
2354 3349 2441 3399 the
2471 3351 2732 3415 absurdity

1569 3430 1627 3480 of
1659 3430 1897 3495 arguing:
1937 3432 2178 3480 ‘account
2217 3431 2388 3495 equals
2423 3448 2547 3497 your
2584 3448 2730 3498 supe-

1569 3510 1710 3570 riors,
1733 3511 1830 3574 sor
1860 3509 2045 3566 Christ,
2080 3509 2232 3574 being
2265 3509 2465 3560 inferior
2499 3518 2552 3560 to
2593 3511 2727 3569 God,

1566 3590 1827 3641 abstained
1844 3590 1969 3641 from
1986 3591 2192 3654 making
2209 3590 2435 3640 Himself
2446 3590 2545 3641 His
2557 3591 2729 3657 equal’

1570 3675 1740 3734 (οὐδεὶς
1770 3676 1869 3734 ’γὰρ
1888 3673 2173 3735 βουλόμενος
2206 3674 2477 3736 προτρέψαι
2509 3691 2729 3723 ταπεινο·

1570 3755 1774 3814 φρονεῖν,
1826 3755 1968 3802 τοῦτό
2013 3759 2187 3813 φησιν·
2240 3755 2328 3802 ἔσο
2372 3756 2594 3804 ταπεινὸς
2648 3758 2729 3804 καὶ

1569 3836 1777 3884 ἔλαττον
1810 3836 1971 3895 φρόνει
2005 3837 2101 3883 τῶν
2133 3834 2387 3894 ὁμοτίμων·
2426 3838 2520 3884 καὶ
2552 3838 2669 3897 γὰρ
2703 3837 2730 3886 ὁ

1570 3918 1699 3965 δεῖνα
1731 3916 1756 3965 ὁ
1794 3918 1961 3965 δοῦλος
1993 3919 2077 3966 οὐκ
2108 3917 2357 3975 ἐπανέστη
2390 3915 2463 3977 τῷ
2493 3918 2729 3979 δεσπότῃ·

1567 4001 1715 4056 μιμοῦ
1734 4000 1890 4047 τοίνυν
1911 3999 2121 4058 ἐκεῖνον).
2192 3998 2373 4062 Comp.
2400 3999 2577 4048 Thdt.=
2612 4002 2731 4062 πρὸς

1569 4080 1623 4127 δὲ
1656 4081 1837 4129 τούτοις
1859 4079 2045 4127 κάκεῖνο
2070 4079 2337 4136 συνείδομεν
2354 4078 2478 4142 [for.
2502 4079 2588 4142 leg.
2618 4096 2726 4128 συν-

1570 4159 1762 4220 muner]
1786 4160 1859 4206 ὅτι
1886 4161 2327 4219 ταπεινοφροσύνην
2349 4157 2588 4209 διδάσκων
2616 4158 2643 4208 ὅ
2678 4164 2726 4210 θ.

1573 4244 1660 4292 ἀπ.
1692 4244 1900 4292 τέθεικεν
1920 4245 2007 4291 τοῦ
2030 4243 2244 4305 Χριστοῦ
2265 4244 2321 4291 τὸ
2351 4242 2721 4306 παράδειγμα...

1570 4327 1612 4373 εἰ
1648 4326 1700 4374 δὲ
1733 4326 1816 4373 οὐκ
1838 4325 1940 4374 ἴσος
1962 4320 2042 4382 ἦν,
2068 4322 2175 4372 ἀλλ’
2199 4321 2419 4373 ἐλάττων
2439 4327 2525 4374 τοῦ
2547 4328 2727 4389 πατρὸς

1570 4405 1596 4454 ὁ
1632 4402 1743 4463 υἱός,
1782 4406 1836 4452 οὐ
1869 4406 2259 4467 ταπεινοφρονῶν
2282 4404 2564 4466 ὑπήκουσεν,
2594 4407 2726 4457 ἀλλὰ

1569 4484 1706 4548 τάξιν
1726 4486 2017 4547 ἐπλήρωσεν.
