3293 5233
536 407 664 474 170
1184 409 1640 463 TnEoDoRus
1688 409 2273 463 MOPSUESTENUS
2666 397 2812 482 [IV.
2853 397 2952 462 16.

657 599 739 642 ex
771 600 893 661 quo
931 600 1113 644 omne
1148 591 1371 662 corpus
1406 591 1765 663 coaptatum
1808 591 1873 645 et
1897 578 2284 664 productum
2314 595 2439 665 per
2478 603 2659 647 omne
2703 591 2949 646 tactum

525 679 1163 758 subministrationis,
1220 684 1562 746 secundum
1622 682 2113 764 inoperationem
2172 684 2244 745 in
2297 704 2666 746 mensuram
2719 683 2951 745 nnius-

524 779 826 862 cuiusque
855 783 1081 865 partis
1122 783 1579 847 incrementum
1636 785 1916 866 corporis
1954 784 2138 867 facit
2175 783 2274 847 ad
2306 784 2457 848 aedi
2535 784 2674 848 ium
2717 783 2829 846 sui
2873 783 2948 846 in

527 887 814 952 caritate.

464 1031 495 1098 5
662 1010 977 1091 quoniam
1032 1011 1201 1075 sicut
1251 1011 1338 1074 de
1391 1021 1617 1075 nostro
1666 1013 1884 1094 capite
1931 1013 1996 1075 in
2050 1013 2383 1076 residuum
2435 1033 2672 1095 corpus
2725 1011 2946 1075 omnis

530 1112 907 1177 uiuacitatis
960 1114 1164 1178 fertur
1211 1116 1436 1190 uirtuS‚
1483 1136 1572 1178 ex
1624 1136 1758 1197 quo
1811 1117 2333 1198 unumquodque
2378 1117 2826 1179 membrorum
2875 1123 2945 1178 et

530 1218 698 1280 uiuit
739 1227 807 1281 et
844 1228 1149 1282 mouetur
1179 1231 1246 1283 et
1277 1219 1526 1302 reliquo
1558 1220 1814 1301 corpori
1847 1230 1948 1283 est
1979 1230 2364 1302 coaptatum
2391 1240 2407 1297 ;
2460 1221 2554 1282 sic
2585 1229 2652 1283 et
2684 1221 2946 1302 spirita-

533 1323 613 1386 lis
656 1325 872 1406 gratia
919 1325 984 1386 in
1033 1324 1224 1386 nobis
1269 1325 1456 1405 quasi
1503 1324 1589 1385 de
1641 1324 1860 1404 capite
1910 1323 2175 1387 Christo
2228 1323 2519 1399 aduenit,
2564 1343 2682 1404 per
2734 1342 2943 1404 quam

529 1429 815 1511 gratiam
849 1427 1364 1510 regenerationis
1396 1428 1462 1488 in
1496 1446 1628 1488 uno
1661 1445 1934 1508 corpore
1965 1427 2058 1488 sic
2089 1425 2173 1488 ad
2209 1445 2359 1488 eum
2403 1426 2942 1488 communionem

426 1551 507 1599 10
531 1536 958 1617 suscepimus,
1054 1531 1499 1594 membrorum
1561 1529 2003 1592 differentiam
2054 1529 2119 1591 in
2167 1529 2526 1610 gratiarum
2570 1528 2948 1591 differentia

530 1641 906 1705 ostendens,
994 1635 1123 1698 hoc
1155 1635 1331 1697 enim
1363 1634 1542 1708 dicit,
1573 1633 1730 1715 quia
1763 1639 1879 1695 ‘ex
1913 1633 2058 1714 ipso
2091 1632 2356 1696 Christo
2387 1632 2575 1713 quasi
2606 1631 2693 1694 de
2722 1634 2946 1714 capite

528 1740 876 1823 copulatur
906 1746 974 1801 et
1004 1736 1378 1799 continetur
1408 1754 1656 1796 nouum
1700 1734 2014 1796 ecclesiae
2058 1753 2313 1815 corpuS,
2344 1734 2709 1796 secundum
2755 1743 2831 1796 ut
2877 1735 2944 1797 in

530 1861 931 1923 unoquoque
963 1848 1262 1901 nostrum
1307 1835 1618 1917 spiritalis
1651 1834 1929 1897 efficitur
1951 1835 2338 1915 inoperati0‚
2361 1854 2562 1915 quam
2594 1834 2948 1914 unusquis-

529 1963 661 2024 que
691 1952 988 2005 nostrum
1023 1937 1440 2002 inenarrabili
1471 1937 1763 2018 quadam
1807 1936 2063 1998 ratione
2101 1936 2466 2017 suscipiens
2498 1935 2566 1998 in
2606 1934 2946 1996 communi

422 2065 499 2132 15
533 2065 723 2107 suum
758 2050 1052 2126 praestat
1089 2039 1561 2104 ministerium.’
1654 2059 1811 2102 nam
1842 2041 2021 2120 quod
2054 2040 2269 2103 dixit:
2316 2040 2388 2103 in
2430 2040 2580 2103 aedi
2625 2040 2796 2102 cium
2838 2039 2952 2104 sui

532 2146 603 2210 in
631 2147 917 2220 caritate,
947 2145 1033 2207 de
1066 2144 1330 2208 Christo
1361 2144 1563 2220 dicit;
1609 2152 1685 2206 ut
1716 2143 1896 2205 dicat
1936 2144 2251 2224 quoniam
2284 2144 2406 2207 ‘ita
2438 2145 2596 2208 facit
2642 2146 2946 2211 Christus

526 2258 802 2332 ‚propter
831 2246 1076 2331 proprii
1108 2246 1399 2327 corporis
1430 2245 1806 2308 aedificium
1838 2246 1926 2309 ob
1958 2246 2138 2310 illam
2171 2249 2515 2312 caritatem
2547 2270 2748 2331 quam
2787 2272 2948 2333 erga

532 2373 655 2414 nos
696 2352 939 2415 habere
980 2346 1315 2427 uidetur3’
1367 2350 1680 2412 ostendat
1725 2370 1883 2413 uero
1924 2372 2041 2432 per
2088 2353 2213 2415 ista
2265 2355 2582 2435 quoniam
2636 2357 2947 2423 differen-

528 2453 692 2516 tiam
729 2452 1107 2534 gratiarum‚
1138 2471 1272 2513 non
1305 2451 1768 2513 necessitatem
1800 2452 2144 2514 diuisionis
2191 2454 2515 2534 imponit;
2562 2477 2695 2519 non
2729 2458 2944 2521 solum

419 2573 506 2622 20
530 2553 684 2636 quia
731 2573 899 2614 unus
946 2561 1045 2614 est
1094 2551 1410 2627 Christu5‚
1450 2561 1516 2614 et
1558 2572 1730 2613 unus
1777 2553 1968 2615 nobis
2012 2555 2137 2618 ista
2178 2556 2425 2634 tribuit,
2471 2559 2584 2621 sed
2629 2568 2696 2623 et
2738 2581 2945 2625 unum

529 2655 868 2737 quoddam
901 2675 1138 2736 corpus
1171 2675 1360 2717 suum
1395 2674 1626 2718 omnes
1659 2656 1934 2736 spiritali
1969 2655 2184 2719 effecti
2218 2652 2733 2739 regeneratione.

661 2767 730 2820 et
788 2757 1103 2839 quoniam
1164 2758 1538 2819 communis
1598 2767 1700 2819 est
1752 2758 2049 2819 omnium
2106 2760 2480 2835 necessita5‚
2542 2781 2945 2846 unoquoque

627 2956 655 2989 α
692 2943 1033 3004 operationem
1063 2940 1142 2990 C*
1168 2941 1229 3001 (ἲ)

535 3035 591 3070 12
626 3023 849 3071 continet
872 3023 939 3071 H

528 3102 793 3166 [quaedam
829 3105 915 3166 Il]
952 3112 1042 3153 rat.
1083 3119 1208 3152 susc.
1258 3104 1302 3152 C
1320 3104 1386 3151 H

528 3182 783 3247 quoniam)
813 3186 857 3233 C
1049 3200 1109 3233 22
1146 3200 1547 3247 unumquemque
1576 3185 1618 3233 C
1639 3184 1709 3232 H

599 3372 641 3405 1.
709 3361 987 3417 coaptatum
1037 3361 1082 3402 et
1117 3353 1439 3417 productum]
1507 3354 1677 3417 Vulg.,

527 3444 825 3501 compactum
849 3442 892 3482 et
911 3451 1201 3483 connexum.
1240 3436 1309 3484 So
1332 3436 1507 3490 above,
1527 3435 1579 3483 ii.
1604 3450 1682 3492 22,

528 3534 621 3567 our
664 3515 927 3565 translator
973 3516 1173 3563 renders
1218 3515 1687 3574 συναρμολογεῖσθαι

528 3600 596 3661 by
621 3597 855 3659 coaptari.
925 3596 986 3644 In
1024 3596 1134 3645 Col.
1171 3596 1221 3644 ii.
1261 3611 1334 3660 19,
1361 3596 1423 3644 he
1459 3596 1685 3660 employs

530 3679 616 3729 the
638 3693 773 3726 same
798 3676 946 3725 Latin
971 3678 1091 3725 verb
1114 3676 1188 3725 sor
1213 3675 1601 3739 συνβιβάζεσθαι.

586 3767 682 3823 per
712 3773 854 3806 omne
886 3758 1093 3818 tactum]
1178 3757 1249 3807 So
1283 3758 1334 3806 in
1369 3758 1480 3807 Col.
1517 3757 1570 3806 ii.
1607 3771 1681 3821 19,

531 3839 609 3886 διὰ
629 3839 725 3885 τῶν
747 3837 883 3897 ἁφῶν
906 3837 947 3886 is
970 3836 1237 3887 translated
1254 3846 1348 3901 per
1367 3844 1536 3885 tactus.
1600 3837 1678 3887 Cf.

527 3930 681 3985 supra
709 3936 774 3969 on
806 3921 936 3984 Eph.
968 3921 1017 3970 ii.
1046 3935 1127 3970 αι.
1195 3921 1468 3970 Tichonius
1493 3920 1607 3982 (γῆς.
1639 3919 1684 3983 1)

529 4017 641 4051 uses
662 4006 819 4049 tactus
842 4000 965 4049 both
989 4000 1039 4049 in
1067 4001 1199 4065 Eph.
1218 4002 1285 4049 iv.
1302 4002 1401 4050 and
1425 4000 1477 4049 in
1503 4001 1613 4049 Col.
1631 4000 1680 4048 ii.

531 4084 633 4132 For
664 4084 747 4132 the
774 4084 901 4132 sorm
929 4089 1114 4131 tactum
1139 4080 1401 4143 (=tactus)
1426 4098 1506 4130 see
1532 4083 1685 4130 Bens·

530 4166 598 4229 ly,
622 4166 699 4214 M.
728 4166 811 4223 F..
837 4181 883 4228 p.
921 4162 994 4220 16,
1024 4164 1241 4219 R'onsch,
1268 4163 1418 4219 Itala,
1444 4178 1494 4225 p.
1521 4160 1631 4225 269.

597 4250 645 4296 8.
683 4248 830 4311 quasi
842 4247 1067 4308 decapite
1087 4245 1303 4305 Christo]
1328 4245 1508 4293 Thdt.:
1535 4241 1684 4293 καθά-

530 4346 623 4390 περ
648 4328 831 4391 (φησὶν)
852 4327 883 4386 ἡ
900 4329 1092 4388 κεφαλὴ
1114 4329 1268 4374 πᾶσιν
1289 4328 1387 4375 τοῖς
1407 4327 1585 4387 μορίοις
1601 4327 1687 4374 τοῦ

531 4405 749 4465 σώματος
783 4408 992 4468 χορηγεῖ
1021 4408 1107 4465 τῆς
1139 4407 1407 4464 αἰσθήσεως
1439 4410 1528 4466 τὴν
1559 4407 1685 4467 ἐνέρ-

529 4489 881 4551 γειαν...οῦ’τως
915 4490 941 4540 ὁ
974 4490 1210 4550 δεσπότης
1233 4489 1439 4551 Χριστὸς
1472 4490 1687 4549 κεφαλῆς

1408 2952 1434 3001 5
1471 2940 1597 2989 sicut
1620 2956 1697 2987 om
1722 2940 1790 2989 II

1099 3037 1175 3084 13,
1210 3038 1266 3082 14
1300 3037 1400 3085 qua
1422 3021 1474 3069 in
1498 3022 1884 3085 uniuscuiusque
1906 3037 1955 3071 n.
1986 3021 2316 3071 inenarrabile
2340 3022 2443 3083 [—i
2471 3024 2516 3070 C
2533 3023 2705 3083 (corr)]
2728 3024 2947 3087 quadam

1593 3102 1652 3151 16
1686 3104 1781 3152 ista
1821 3103 1937 3166 (for
1973 3104 2062 3163 ita)
2110 3104 2154 3152 C
2191 3102 2334 3168 (corr)

1951 2956 2010 2991 10
2044 2940 2374 2991 differentiam
2400 2942 2519 3006 (sor
2538 2943 2838 3003 differentia)
2869 2942 2947 2992 C*

2551 3105 2608 3154 18
2641 3121 2794 3168 quam
2835 3106 2952 3169 (for

1781 3351 1911 3413 τάξιν
1953 3355 2146 3416 ἐπέχων
2190 3356 2254 3403 τὰ
2298 3357 2382 3403 τοῦ
2425 3356 2694 3413 πνεύματος
2737 3358 2947 3417 διανέμει

1780 3435 2079 3496 χαρίσματα,
2108 3436 2174 3482 els
2194 3436 2308 3493 μίαν
2331 3436 2556 3498 ἁρμονίαν
2588 3434 2846 3487 συνάπτων
2881 3437 2945 3487 τὰ

1779 3517 1909 3575 μέλη
1931 3518 2016 3565 τοῦ
2038 3518 2275 3574 σώματος.

1855 3615 1872 3647 1
1887 3615 1926 3648 1.
1966 3616 2026 3648 ex
2047 3600 2146 3663 {oso
2172 3601 2639 3665 Chmklo...‚efficitur
2658 3603 2946 3667 inoperatio]

1783 3679 2050 3730 Lansranc.

1855 3776 1930 3824 15.
1985 3762 2119 3826 quod
2145 3763 2510 3812 d12re't...h‹1bere
2529 3764 2746 3827 uidetur]
2813 3767 2944 3815 Lan-

1783 3842 1936 3902 franc,
1970 3844 2157 3893 Robert
2182 3844 2240 3892 of
2257 3845 2318 3891 B.

1855 3924 1926 3973 16.
1968 3926 2026 3973 de
2042 3925 2242 3973 Christo
2257 3925 2396 3985 dicit]
2436 3925 2533 3974 Th.
2554 3928 2755 3990 regards
2772 3928 2947 3977 ἑαυτοῦ

1781 4020 1837 4053 as
1860 4005 2043 4069 having
2067 4005 2314 4055 reference
2348 4012 2399 4054 to
2435 4007 2460 4054 ό
2493 4005 2705 4068 Χριστός
2739 4005 2802 4070 (ν.
2839 4009 2939 4071 15).

1785 4083 1854 4131 So
1893 4086 2098 4133 Photius
2139 4085 2272 4148 (?ap.
2316 4084 2488 4149 Oec.):
2534 4084 2688 4146 αὔξων
2719 4089 2819 4149 γὰρ
2856 4090 2946 4146 τὴν

1783 4165 2044 4223 ἐκκλησίαν
2079 4164 2104 4212 ὀ
2142 4164 2204 4211 Χ.
2230 4167 2557 4223 πνευματικῶς
2590 4170 2670 4215 καὶ
2702 4170 2945 4227 αἰσθητῶς

1787 4243 1957 4292 ἑαυτὸν
1995 4243 2245 4304 οἰκοδομεῖ,
2307 4241 2477 4303 ἐπειδὴ
2527 4246 2585 4294 τὸ
2640 4247 2754 4294 ἴδιον
2810 4250 2943 4307 αὔξει

1788 4327 1944 4379 σῶμα.

1851 4419 1931 4453 20.
1998 4405 2084 4452 sed
2108 4411 2155 4454 et
2186 4421 2344 4453 unum
2379 4406 2640 4470 quoddam,
2679 4405 2793 4467 δια]
2860 4408 2945 4458 Cf.

1786 4502 1836 4549 p.
1863 4485 1971 4547 164,
1994 4486 2028 4535 l.
2051 4504 2093 4547 α,
2122 4495 2257 4537 note.
2306 4489 2474 4537 Suum
2480 4505 2506 4549 ,⁰
2523 4488 2616 4537 sor.
2637 4489 2735 4553 leg.
2754 4505 2943 4539 sumus.
