3293 5233
358 416 406 483 1.
445 417 526 503 3.]

351 596 563 680 †nam
588 602 800 667 Pater
827 606 1192 670 secundum
1227 627 1298 672 se
1331 608 1398 671 in
1433 608 1704 674 Christo
1734 606 2073 689 accipitur.
2161 604 2216 669 si
2240 603 2390 688 quis
2419 625 2580 669 uero
2603 603 2768 668 illud

352 715 745 770 connectere
791 706 987 773 suerit
1030 710 1319 787 adnisus,
1355 711 1448 774 ita
1479 720 1554 774 ut
1584 720 1653 776 et
1685 710 1870 774 Deus
1901 720 1969 776 et
2001 710 2197 774 Pater
2226 728 2385 791 erga
2413 729 2768 792 personam

352 802 647 889 intellegi
697 807 942 873 debeat
990 807 1255 888 Christi,
1311 832 1527 895 neque
1574 813 1642 875 in
1691 810 1819 875 hoc
1869 807 2268 895 litigamus*
2358 809 2651 893 alioquin
2701 819 2771 874 et

354 903 541 968 Deus
572 917 762 988 pater
792 910 1129 993 adsumpti
1168 912 1515 994 aptissime
1559 914 1903 991 diceretur,
1952 924 2186 998 utpote
2230 923 2300 978 et
2342 912 2615 976 homine
2654 910 2770 975 illo

353 1007 686 1072 existente
738 1031 857 1092 per
908 1022 1234 1078 naturam.
1340 1015 1659 1097 quoniam
1712 1025 1935 1079 autem
1987 1017 2074 1080 de
2123 1015 2251 1079 hoc
2295 1015 2595 1097 disputat
2654 1035 2771 1097 per
2841 1030 2874 1098 5

354 1126 588 1171 omnes
641 1130 980 1176 sermones
1033 1113 1453 1196 dogmaticos
1501 1116 1651 1179 illos
1703 1118 1816 1199 qui
1867 1118 1933 1181 in
1982 1118 2111 1181 hac
2160 1128 2316 1182 sunt
2356 1115 2655 1200 epistola,
2700 1117 2768 1180 id

354 1210 600 1289 poterit
629 1212 974 1277 euidenter
1005 1216 1285 1282 ostendi.
1360 1217 1605 1282 deinde
1636 1218 1800 1283 dicit
1830 1228 1896 1283 et
1928 1239 2056 1301 pro
2081 1219 2321 1302 quibus
2352 1219 2440 1284 sit
2459 1218 2770 1282 benedic-

356 1321 490 1375 tus:

1145 436 1229 487 IN
1277 437 1381 489 ΕΡ.
1428 438 1530 489 ΑΙ)
1575 436 1949 489 EPHESIOS.
2645 437 2756 484 121

361 1563 452 1630 Ch
481 1463 600 1577 qui
625 1465 943 1531 benedixit
971 1490 1085 1533 nos
1112 1468 1184 1532 in
1214 1471 1395 1535 omni
1422 1472 1839 1537 benedittione
1865 1473 2162 1556 spiritali
2184 1475 2255 1539 in
2297 1475 2663 1540 caelestibus
2697 1476 2769 1539 in

454 1577 632 1630 rista.
2804 1592 2883 1641 ιο

484 1696 711 1752 nostra
751 1686 1130 1753 benedictio
1169 1711 1342 1774 quae
1380 1691 1458 1758 fit
1499 1693 1566 1758 in
1613 1695 1785 1772 De0,
1824 1695 2152 1760 confessio
2191 1694 2334 1760 sola
2369 1706 2472 1761 est
2508 1696 2768 1760 illorum
2842 1759 2846 1763 .

352 1787 680 1854 bonorum
736 1814 909 1876 quae
947 1795 1138 1857 nobis
1175 1797 1494 1877 praestita
1535 1809 1692 1862 sunt
1731 1798 1818 1862 ab
1855 1820 1952 1865 eo,
2042 1820 2201 1863 nam
2248 1799 2360 1863 illa
2392 1799 2769 1878 benedictio

353 1910 525 1972 quae
572 1913 611 1956 a
661 1893 812 1957 Deo
860 1894 952 1971 fit,
993 1897 1060 1959 in
1115 1899 1308 1961 nobis
1361 1919 1559 1981 opere
1615 1899 1945 1983 impletur,
1997 1921 2118 1983 pro
2163 1902 2405 1984 quibus
2458 1922 2579 1965 nos
2632 1902 2769 1964 suis

352 1990 691 2056 beneficiis
744 1996 1113 2061 sublimans
1166 1999 1588 2092 demirationi
1635 2002 1913 2067 exhibet
1957 2002 2213 2085 dignos,
2321 2003 2562 2085 dignus
2611 2008 2769 2085 ergo

354 2104 457 2157 est
497 2106 571 2161 ut
611 2106 678 2161 et
720 2099 1083 2164 demiretur
1118 2123 1158 2165 a
1204 2104 1414 2182 nobis,
1448 2116 1517 2170 et
1548 2115 1622 2171 ut
1651 2107 2012 2188 gratiarum
2048 2104 2139 2170 illi
2172 2106 2531 2171 referamus
2562 2109 2768 2172 actio-

354 2216 503 2273 nes;
547 2200 864 2279 quoniam
897 2203 991 2265 sic
1023 2223 1145 2266 nos
1173 2205 1517 2287 gloriosoS,
1550 2208 1757 2272 suain
1777 2229 1900 2272 nos
1923 2207 2268 2273 conserens
2290 2209 2484 2287 bona,
2511 2210 2769 2273 efficere

352 2308 456 2362 est
517 2300 847 2382 dignatuS,
916 2323 1117 2368 omne
1180 2307 1372 2370 nobis
1434 2309 1688 2373 bonum
1742 2309 2036 2393 spiritale
2088 2311 2348 2374 donans
2413 2331 2532 2393 per
2584 2310 2767 2374 illam

352 2403 917 2486 dispensationem
970 2430 1175 2491 quam
1222 2431 1341 2493 per
1379 2411 1720 2476 Christum
1758 2414 2017 2477 misisse
2065 2415 2342 2478 uidetur.
2422 2413 2551 2478 hoc
2587 2414 2767 2478 enim

352 2504 516 2570 dicit
546 2506 616 2571 in
648 2506 917 2575 Christe.
987 2532 1143 2575 nam
1176 2513 1357 2595 quod
1389 2514 1602 2578 dixit:
1636 2515 1708 2578 in
1729 2516 2135 2591 caelestibus,·
2168 2515 2295 2580 hoc
2320 2526 2438 2594 est,
2459 2520 2475 2548 ‘
2495 2536 2667 2599 quae
2698 2516 2765 2579 in

483 2721 542 2788 εἰ
571 2722 641 2789 δέ
668 2750 764 2794 τις
792 2723 955 2791 αὐτὸ
985 2726 1498 2808 ἐπισυμπλὲκειν
1528 2729 1928 2816 φιλονεικοίῃ
1954 2729 2137 2796 aio-civ
2175 2729 2287 2796 καὶ
2325 2733 2443 2796 τοῦ
2481 2732 2627 2796 θεὸς
2658 2728 2767 2795 καὶ
2794 2747 2881 2796 20

351 2827 467 2889 τοῦ
521 2830 721 2913 πατήρ
768 2826 881 2893 ἐπὶ
924 2832 1044 2894 τοῦ
1084 2828 1448 2916 προσώπου
1501 2832 1790 2897 νοεῖσθαι
1841 2830 2220 2917 ὀφείλοντος
2278 2834 2393 2897 τοῦ
2451 2833 2765 2916 Χριστοῦ,

351 2926 495 2993 οὐδὲ
521 2929 685 3014 πρὸς
714 2933 902 2997 τοῦτο
931 2931 1293 3020 μαχόμεθα.

449 3107 481 3150 4
514 3089 796 3154 consumpti
817 3090 885 3138 H
902 3088 911 3154 Ι
941 3090 1105 3140 dicere
1131 3092 1240 3141 CH
1258 3089 1266 3156 Ι
1295 3091 1550 3141 hominem
1576 3091 1718 3141 illum
1742 3090 2033 3141 existentem
2064 3090 2172 3141 CH

356 3183 415 3229 14
448 3169 603 3217 exibit
625 3169 805 3233 dignos
833 3171 877 3220 C
960 3173 1127 3221 exibet
1149 3171 1198 3222 d.
1228 3173 1295 3221 H
1372 3172 1576 3222 exhibet
1599 3173 1781 3237 dignus
1810 3174 1853 3222 C
1874 3171 2021 3236 (corr)

350 3264 428 3295 om
453 3249 520 3297 H
677 3265 738 3317 19
771 3251 857 3315 qui
881 3252 994 3315 (for
1013 3261 1159 3317 quae)
1188 3254 1290 3302 CH
1350 3269 1502 3317 quam
1523 3254 1549 3302 l

2385 3104 2443 3152 13
2477 3105 2628 3153 opere
2649 3106 2727 3138 om
2748 3092 2774 3139 l

2296 3170 2353 3220 16
2387 3186 2479 3220 nos
2504 3169 2609 3234 (bes
2616 3169 2765 3235 glor.)

415 3397 464 3439 4.
567 3385 717 3442 pater
788 3380 1060 3444 adsumpti]
1164 3382 1260 3431 See
1330 3382 1505 3442 above,

351 3475 403 3524 p.
442 3459 522 3519 62,
560 3462 594 3510 1.
636 3477 716 3520 21,
758 3471 891 3513 note.
965 3463 1077 3511 The
1112 3463 1320 3527 reading
1357 3465 1512 3513 dicere

354 3543 438 3602 (cf.
488 3559 565 3593 vv,
617 3541 691 3607 ll.)
738 3558 897 3593 seems
941 3550 996 3593 to
1052 3544 1179 3595 have
1233 3546 1510 3609 originated

353 3624 406 3672 in
449 3640 481 3673 a
524 3625 784 3692 confusion
833 3625 893 3675 os
942 3626 1027 3676 the
1071 3627 1167 3677 last
1210 3628 1421 3691 syllable
1457 3627 1517 3676 of

354 3707 438 3755 the
472 3707 795 3758 abbreviated
832 3707 1032 3758 disera'
1054 3709 1175 3759 with
1209 3710 1295 3759 the
1317 3710 1508 3760 follow-

354 3787 440 3851 ing
461 3795 533 3836 ut.

416 3866 465 3918 6.
533 3868 591 3917 id
618 3869 803 3931 poterit
854 3870 1100 3918 euidenter
1141 3871 1346 3932 ostendi]
1414 3870 1510 3920 See

1612 3381 1748 3432 nos”
1782 3382 1888 3432 into
1925 3378 2521 3444 “exhibetur...dignus”
2548 3381 2768 3445 adopted

1611 3466 1682 3530 by
1706 3466 1857 3515 Card.
1884 3465 2022 3514 Pitra
2054 3464 2108 3512 in
2139 3463 2217 3513 his
2251 3470 2353 3513 text
2389 3464 2498 3525 [but
2533 3461 2593 3512 cf.
2634 3463 2762 3526 Spic.

1612 3547 1810 3594 Solesm.
1836 3546 1865 3593 i.
1896 3544 2029 3608 568],
2057 3559 2218 3594 seems
2252 3549 2305 3592 to
2338 3559 2420 3592 me
2443 3558 2771 3606 unnecessary

1613 3628 1712 3675 and
1751 3642 1875 3675 even
1915 3626 2152 3690 injurious
2192 3634 2244 3674 to
2282 3624 2367 3674 the
2407 3640 2566 3681 sense,
2607 3623 2769 3673 which

1608 3707 1683 3756 is:
1730 3705 1939 3757 “God's
1981 3706 2098 3770 gists
2138 3706 2189 3754 in
2233 3721 2292 3754 us
2334 3720 2419 3754 are
2463 3704 2770 3766 wonderfu13

1611 3788 1761 3836 much
1791 3802 1943 3848 more,
1982 3786 2119 3843 then,
2148 3795 2277 3834 must
2317 3785 2445 3834 their
2477 3786 2677 3835 Author
2705 3786 2769 3835 be

1610 3869 1806 3932 worthy
1849 3868 1906 3916 os
1943 3855 2290 3918 admiration.”
2355 3868 2564 3931 Dignus
2603 3875 2674 3917 est
2714 3875 2773 3916 ut

353 3949 533 4006 below,
557 3964 643 4014 pp.
673 3949 777 4009 126,
814 3966 920 4014 130.
954 3965 1059 4014 135,
1089 3953 1176 4002 &c-

426 4043 499 4077 ιι.
567 4030 820 4078 benedictio
862 4048 986 4095 quae
1025 4033 1096 4096 fit
1135 4049 1168 4080 a
1213 4034 1336 4092 Deo,
1397 4031 1510 4092 Sto-J

355 4110 502 4159 Cited
533 4111 595 4174 by
627 4111 889 4172 Lansranc,
916 4114 1005 4162 but
1035 4113 1220 4177 sreely3
1255 4114 1330 4162 sor
1367 4115 1512 4178 “pro

353 4191 534 4255 quibus
564 4190 690 4239 &c.''
723 4191 786 4239 he
820 4192 957 4257 gives
992 4192 1174 4256 simply
1209 4193 1374 4241 “dum
1406 4191 1512 4240 eius

353 4270 608 4321 beneficiis
631 4271 908 4337 implemur.
919 4272 947 4295 ’'

425 4368 496 4413 14.
581 4355 900 4403 demit-atiani
958 4355 1153 4419 dignos]
1268 4356 1369 4404 For
1426 4354 1511 4404 the

352 4444 556 4492 constr„
623 4435 687 4484 cf.
759 4451 787 4484 2
845 4436 1006 4485 Mace.
1068 4436 1135 4485 vi.
1209 4452 1286 4499 24,
1355 4437 1509 4500 Vulg.

355 4515 616 4581 (Ronsch).
675 4517 786 4567 The
804 4519 995 4583 change
1008 4518 1067 4568 os
1087 4519 1508 4585 “exhibet...dig·

1610 3950 1879 3999 demiretur
1893 3971 1936 3990 =
1958 3950 2083 4009 ἄξιός
2103 3951 2238 3998 ἐστιν
2263 3949 2608 4007 θαυμασθῆναι.
2667 3948 2769 3996 For

1611 4031 1855 4081 demirari
1875 4047 2000 4094 pass.
2032 4047 2114 4079 see
2137 4047 2188 4094 p.
2214 4043 2293 4096 59,
2318 4031 2350 4079 l.
2384 4044 2459 4088 21,
2489 4038 2622 4077 note.

1683 4129 1760 4178 19.
1828 4115 1914 4163 hoc
1943 4121 2025 4173 est,
2064 4130 2201 4178 quae,
2242 4113 2537 4175 &c....expl.
2569 4111 2770 4172 adiecit]

1612 4197 1861 4246 Lanfranc
1913 4197 2225 4246 abbreviates
2279 4195 2419 4245 thus:
2482 4194 2628 4242 “hoc
2672 4201 2761 4252 est,

1620 4277 1801 4340 ‘quam
1845 4275 1899 4324 in
1942 4276 2081 4324 caelo
2130 4270 2592 4339 participabimus’3
2646 4272 2769 4321 dicit

1612 4355 1746 4404 enirn
1782 4354 2187 4403 resurrectionem
2226 4368 2355 4417 quae
2392 4367 2483 4415 per
2528 4350 2768 4415 Spiritum

1612 4436 1759 4485 nobis
1782 4437 1955 4486 aderit.
2028 4444 2077 4485 et
2108 4452 2171 4485 ne
2194 4436 2302 4500 ipsa
2331 4434 2526 4483 novitas
2549 4439 2766 4482 mentem

1613 4520 1832 4570 turbaret
1867 4519 2100 4584 quoniam
2134 4534 2232 4567 non
2268 4526 2384 4567 ante
2418 4524 2555 4566 tanta
2590 4517 2764 4564 donas-
