3293 5233
291 387 376 449 II.
412 404 509 461 20,
548 387 670 470 21.]

1091 402 1168 449 IN
1221 402 1321 450 ΕΡ.
1371 402 1471 449 AD
1519 402 1868 449 GALATAs
2608 402 2680 464 33

417 588 574 631 nam
629 568 789 632 illud
837 569 1018 651 quod
1071 569 1292 632 dixit:
1360 569 1514 632 uiuo
1571 579 1787 632 autem
1844 569 1977 631 iam
2024 590 2148 632 non
2208 590 2334 651 ega,
2389 569 2515 634 hoc
2569 583 2687 645 est,

289 681 701 752 praesentem
747 672 994 751 uitam;
1043 681 1277 753 utpote
1315 683 1466 755 post
1508 683 1791 737 mortem
1842 673 2026 749 alter,
2065 682 2131 736 et
2181 693 2314 736 non
2360 674 2502 756 ipse
2549 675 2689 738 exi-

284 781 483 837 stens,
576 793 729 837 nam
784 775 965 857 quod
1015 775 1211 851 dixit,
1264 775 1441 838 uiuit
1496 775 1566 838 in
1627 797 1727 838 me
1780 775 2102 854 CleristuS,
2146 776 2463 857 quoniam
2519 760 2690 838 illius

285 874 492 937 uitam
546 876 712 940 uiuit
772 877 864 939 illi
926 877 1366 940 inmortalem.

1457 899 1535 940 ea
1600 878 1777 940 enim
1839 898 2010 960 quae
2070 885 2228 940 tunc
2289 887 2479 941 erunt
2532 875 2689 959 ipsis

288 974 497 1055 rebus,
547 976 712 1041 haec
765 979 954 1061 quasi
1006 980 1137 1042 iam
1192 979 1365 1042 facta
1419 979 1599 1054 dicit,
1654 980 2019 1042 secundum
2062 977 2244 1059 quod
2289 979 2356 1041 in
2406 978 2687 1041 formam

287 1076 543 1142 illorum
574 1100 694 1162 per
721 1082 1060 1163 baptisma
1090 1083 1402 1146 transisse
1435 1084 1698 1145 uidetur
1724 1102 1740 1160 ς
1787 1092 1856 1146 et
1887 1084 1973 1146 de
2006 1082 2256 1160 futuriS,
2289 1082 2445 1165 quia
2478 1092 2687 1159 erunt,

287 1180 543 1245 firmam
576 1182 777 1247 habet
810 1184 1027 1261 fidem.

414 1286 675 1362 deinde,
705 1289 1022 1368 quoniam
1055 1288 1273 1351 adhuc
1306 1287 1656 1352 mortalem
1701 1289 1871 1353 hanc
1900 1290 2111 1353 uitam
2155 1290 2419 1354 uidetur
2449 1290 2687 1364 uiuere,

288 1387 568 1451 necdum
601 1390 668 1451 in
700 1389 810 1452 illa
844 1390 1172 1454 existens:

414 1529 588 1611 quod
611 1541 823 1594 autem
865 1553 1038 1595 nunc
1073 1533 1228 1596 uiuo
1274 1534 1344 1596 in
1384 1554 1589 1610 carne,
1631 1533 1702 1598 in
1729 1534 1873 1617 fide
1917 1535 2069 1598 uiuo
2115 1534 2257 1598 Fili
2290 1535 2425 1598 Dei
2450 1537 2568 1618 qui
2596 1556 2695 1598 me
2730 1553 2805 1597 10

287 1628 530 1709 dilexit,
560 1642 624 1695 et
651 1634 936 1697 tradidit
959 1635 1364 1717 semetipsum
1379 1646 1506 1717 pro
1537 1657 1655 1701 me.

417 1757 432 1784 ⁴
453 1774 720 1817 carnem
740 1755 753 1780 ’
786 1764 1101 1819 consuete
1140 1777 1263 1838 pro
1305 1756 1715 1819 mortalitate
1745 1756 1926 1832 dicit,
1954 1756 2081 1819 hoc
2106 1757 2341 1819 dicens
2373 1756 2687 1838 quoniam

292 1854 378 1916 ‘si
411 1855 630 1919 adhuc
670 1858 987 1921 aestimor
1025 1857 1377 1922 mortalem
1419 1858 1591 1921 hanc
1624 1860 1837 1922 uitam
1872 1868 1944 1922 et
1972 1859 2411 1940 temporalem
2452 1859 2690 1929 uiuere,

289 1960 406 2023 sed
457 1960 591 2023 fide
633 1962 763 2024 iam
806 1963 1015 2025 uitam
1058 1962 1241 2024 illam
1285 1963 1507 2025 uiuere
1559 1962 1921 2037 existimor,
1974 1962 2314 2025 indubiam
2367 1961 2540 2024 ultra
2575 1981 2694 2044 per

292 2061 532 2125 Filium
585 2064 711 2126 Dei
766 2063 1132 2128 futurorum
1181 2085 1370 2147 spem
1426 2065 1697 2141 habenS,
1748 2086 1828 2128 eo
1875 2066 2054 2148 quod
2097 2076 2165 2130 et
2207 2066 2437 2129 dilexit
2478 2087 2591 2141 me,
2635 2075 2795 2148 et15

1192 2169 1316 2232 hac
1369 2170 1456 2232 de
1508 2190 1706 2233 causa
1760 2169 2068 2232 dubitare
2113 2169 2286 2233 ultra
2326 2170 2412 2232 de
2458 2169 2696 2232 futurisv

291 2167 469 2230 dedit
503 2169 778 2249 seipsum
812 2179 938 2249 pro
990 2190 1101 2230 me.

295 2290 426 2333 non
470 2271 779 2352 possum.'
853 2271 1033 2352 quod
1073 2281 1298 2335 autem
1336 2271 1527 2346 dixit,
1558 2272 1739 2352 quod
1773 2277 1982 2334 ‘nunc
2021 2274 2179 2335 uiuo
2220 2273 2283 2334 in
2329 2290 2543 2345 carne,
2576 2272 2691 2333 sed

294 2372 359 2434 in
408 2371 537 2436 fide
579 2374 770 2448 uiu0,’
813 2383 881 2436 et
921 2383 1156 2437 cetera.
1225 2382 1292 2437 et
1324 2374 1512 2456 quasi
1547 2373 1679 2436 iam
1712 2373 2110 2436 sufficienter
2159 2392 2535 2436 memorans
2584 2370 2694 2434 illa

294 2498 464 2557 quae
495 2499 534 2540 a
568 2478 737 2541 Filio
770 2477 897 2540 Dei
928 2478 1088 2541 data
1120 2485 1274 2540 sunt
1315 2476 1507 2539 nobis
1541 2474 1779 2554 sutura,
1827 2476 2226 2538 confirmans
2270 2497 2418 2538 cum
2457 2474 2695 2537 fiducia

293 2580 496 2644 adicit
520 2604 534 2645 ε

421 2727 546 2769 non
576 2717 796 2788 sperno
813 2707 1114 2788 gratiam
1147 2705 1289 2770 Dei.

424 2843 491 2897 et
523 2833 758 2896 iterum
792 2833 1253 2916 probationem
1288 2833 1617 2896 dictorum
1652 2831 2101 2915 complectens
2132 2852 2145 2894 :

421 2961 484 3023 si
509 2960 679 3022 enim
695 2969 819 3040 per
847 2959 1040 3041 legem
1073 2958 1348 3034 institia,
1380 2979 1530 3039 ergo
1567 2956 1865 3022 Clam-tus
1886 2957 2109 3038 gratis
2140 2967 2435 3020 mortuus
2462 2968 2566 3020 est.

364 3154 422 3187 ιο
456 3137 543 3185 filii
573 3139 614 3187 C
637 3135 781 3199 (corr)

288 3220 654 3284 complectitur]

365 3367 404 3400 1.
469 3350 617 3399 ‘uiuo
659 3347 857 3406 aulem‚’
893 3349 1006 3410 &c.]
1081 3348 1326 3397 lanfranc
1361 3349 1445 3397 ab·

291 3434 539 3484 breviates
562 3434 705 3482 thus:
743 3437 840 3481 “u.
874 3439 1056 3488 autem,
1091 3432 1207 3495 quia
1241 3432 1292 3479 in
1327 3435 1447 3495 bap-

293 3517 491 3564 tismate
545 3514 717 3563 mortis
765 3522 815 3562 et
868 3513 1237 3562 resurrectionis
1294 3514 1449 3562 forma

293 3595 540 3660 impletur.
620 3611 678 3644 ea
723 3610 851 3658 quae
892 3595 997 3658 ipsa
1035 3611 1089 3643 re
1131 3595 1298 3642 sutura
1335 3603 1447 3643 sunt

293 3676 422 3724 facta
445 3675 545 3723 iam
578 3674 714 3731 dicit,
754 3674 870 3737 quia
904 3690 1072 3722 eorum
1106 3674 1257 3722 habet
1291 3690 1447 3737 spem.

293 3757 427 3804 uiuit
459 3762 622 3803 autem
660 3756 715 3802 in
751 3771 828 3802 mc
870 3756 1007 3814 Chr„
1053 3755 1289 3818 quoniam
1320 3755 1450 3802 illius

291 3839 449 3887 uitam
484 3838 744 3886 mortalem
777 3853 866 3900 spe
900 3836 1072 3885 uiuit.”
1141 3838 1249 3885 Can
1275 3844 1354 3899 spe
1386 3837 1449 3885 be

291 3937 359 3969 an
397 3937 531 3969 error
566 3920 641 3968 sor
676 3919 816 3982 ipse?
883 3920 937 3967 Is
964 3935 1019 3966 so
1053 3920 1152 3968 and
1192 3920 1449 3967 mortalem

294 4003 335 4050 is
359 4001 504 4065 right,
535 4002 619 4050 the
642 4001 875 4066 meaning
907 4003 947 4051 is
973 4002 1078 4050 that
1108 4002 1274 4051 Christ
1302 4001 1448 4048 Him-

291 4081 393 4129 self
409 4097 512 4129 was
533 4080 689 4145 living
712 4082 795 4130 the
820 4082 921 4143 Ap.
933 4081 970 4128 ’s
993 4081 1172 4129 mortal
1197 4080 1298 4128 lise.
1351 4081 1446 4128 But

291 4161 375 4209 illi
427 4161 626 4209 inmort.
678 4161 719 4208 is
771 4160 1101 4224 intelligible3
1156 4160 1218 4209 cf.
1270 4159 1447 4208 Thdt.:

291 4245 450 4304 τούτῳ
474 4241 786 4301 πολιτεύομαι
817 4242 870 4291 οὗ
902 4244 1171 4304 περίκειμαι
1193 4240 1281 4302 τὴν
1303 4245 1441 4307 ζωήν.

294 4325 432 4373 Pitra
456 4323 639 4388 prefers
661 4325 754 4373 illc.

367 4420 441 4454 12.
497 4420 692 4453 carnem
715 4412 927 4454 consmte
949 4412 1047 4468 pro
1069 4405 1359 4453 mortalitate
1377 4405 1450 4464 αἱ]

297 4490 392 4534 See
417 4486 499 4533 the
525 4501 702 4535 comm.
733 4502 796 4533 on
823 4503 900 4532 vv.
927 4502 998 4547 15,
1027 4486 1111 4544 163
1146 4486 1244 4533 and
1270 4486 1342 4532 sor
1368 4486 1448 4532 the

1004 3150 1060 3196 17
1098 3153 1197 3185 non
1224 3136 1338 3200 (for
1356 3136 1505 3198 nunc)
1535 3138 1580 3185 C
1599 3136 1668 3185 H

1852 3151 1909 3183 22
1947 3134 2251 3198 complector
2278 3137 2319 3183 C
2341 3134 2432 3184 H·
2458 3136 2584 3200 [sor.
2609 3136 2695 3198 leg.

1547 3347 1803 3410 meanings
1826 3346 2055 3395 attached
2083 3356 2134 3395 to
2157 3347 2279 3408 σάρξ
2300 3347 2367 3411 by
2391 3347 2506 3406 Th„
2533 3364 2695 3412 comp.

1549 3431 1623 3477 his
1646 3430 1866 3477 remarks
1889 3445 1953 3476 on
1983 3430 2128 3476 Rom.
2147 3429 2232 3476 vii.
2260 3444 2285 3490 5
2306 3445 2318 3477 :
2352 3427 2383 3489 ἡ
2407 3432 2513 3477 θεία
2534 3435 2704 3492 ’γραφὴ

1549 3514 1621 3570 (α)
1658 3512 1780 3559 ποτὲ
1799 3511 1886 3569 μὲν
1908 3511 2065 3571 σάρκα
2088 3513 2224 3570 λέγει
2254 3514 2342 3569 τὴν
2366 3510 2514 3571 φύσιν
2539 3514 2701 3570 αὑτήν·

1553 3591 1614 3652 (ὁ)
1656 3592 1777 3638 ποτὲ
1810 3593 1861 3638 δὲ
1892 3589 1944 3638 οὐ
1975 3595 2065 3651 τὴν
2098 3591 2242 3650 φύσιν
2265 3592 2445 3652 ἁπλῶς,
2476 3589 2579 3640 ἀλλ’
2605 3590 2704 3641 ἀπὸ

1549 3672 1633 3732 τῆς
1658 3671 1951 3732 θνητότητος
1975 3675 2121 3722 οὕτως
2143 3675 2292 3734 αὐτὴν
2315 3670 2597 3733 ὀνομάζει...
2638 3676 2702 3734 (c)

1551 3757 1683 3803 ἔστιν
1707 3757 1755 3802 δὲ
1779 3756 1861 3803 ὅτε
1884 3757 1960 3802 καὶ
1984 3757 2040 3803 τὸ
2065 3756 2215 3805 πάθος
2243 3758 2359 3804 αὐτὸ
2391 3753 2544 3818 σάρκα
2578 3757 2703 3804 οἶδεν

1552 3837 1790 3885 καλεῖν...
1836 3836 1913 3895 (d)
1957 3839 2037 3884 καὶ
2075 3839 2169 3895 μὴν
2209 3838 2288 3884 καὶ
2322 3839 2379 3885 τὸ
2415 3835 2705 3898 πρόσκαιρον

1552 3921 1628 3966 καὶ
1651 3916 1929 3967 εὐδιάλυτον
1953 3919 2103 3984 asara-v.
2174 3920 2236 3967 In
2268 3920 2413 3968 Rom.
2443 3920 2544 3966 viii.
2576 3934 2602 3980 5
2640 3920 2703 3968 he

1551 3999 1775 4062 explains
1799 4002 1841 4047 ol
1865 3999 1990 4048 κατὰ
2013 3998 2169 4062 σάρκα
2192 4001 2321 4049 ὄντες
2343 4002 2507 4048 as=ol
2542 4002 2703 4059 θνητοὶ

1549 4079 1638 4137 τήν
1664 4078 1822 4138 φύσιν.

1620 4177 1695 4225 17.
1734 4162 1866 4224 quod
1882 4169 2040 4209 aulem
2060 4162 2105 4210 d.
2117 4199 2129 4221 ,
2151 4162 2266 4222 δια]
2304 4167 2335 4188 “
2356 4163 2407 4209 H
2414 4162 2453 4210 is
2471 4163 2705 4226 meaning

1551 4243 1605 4301 is,
1650 4243 1673 4291 1
1709 4259 1791 4291 am
1830 4259 1945 4291 now
1985 4243 2141 4306 living
2175 4243 2226 4290 in
2262 4243 2346 4291 the
2381 4243 2519 4301 flesh,
2557 4254 2638 4307 yet
2678 4246 2699 4292 Ι

1553 4327 1649 4373 live
1672 4325 1739 4388 by
1763 4324 1900 4383 saith,
1930 4322 2054 4373 &c.”
2091 4326 2132 4387 (ὅ
2165 4326 2214 4373 δὲ
2246 4325 2391 4380 εἶπεν,
2427 4327 2590 4373 τοῦτο·
2631 4327 2704 4374 ὅτι

1552 4407 1629 4451 νῦν
1655 4406 1718 4466 ζῶ
1743 4406 1792 4451 ἐν
1815 4403 1973 4463 σαρκί,
2001 4400 2064 4459 ζῶ
2088 4405 2138 4451 δὲ
2165 4408 2341 4462 πίστει,
2371 4407 2563 4462 κ.τ.λ.).

2368 4598 2531 4660 3-2

2727 2605 2810 2649 20
