3293 5233
473 2074 542 2140 15

568 343 652 403 42
1223 339 1677 391 THEODORUS
1724 337 2307 390 MOPSUESTENUs

2554 324 2713 406 [III.
2756 342 2850 406 13,
2884 346 2981 406 14

572 530 716 576 esse
747 521 821 575 ut
853 512 1217 575 secundum
1250 511 1465 594 legem
1500 478 1771 590 uiuant3
1816 531 1897 574 eo
1928 512 2110 593 quod
2144 509 2364 573 locum
2394 508 2702 596 [nullum]
2738 510 2984 575 habere

573 616 937 693 uidebatur,
997 624 1355 698 postquam
1418 615 1545 677 illis
1605 636 1685 680 ea
1762 635 1934 697 quae
2008 615 2351 697 praedicta
2425 623 2580 678 sunt
2639 615 2783 678 sine
2849 615 2984 679 ulla

571 720 896 783 struxisse
942 719 1298 783 uidebatur
1326 719 1795 783 controuersia.
1841 717 2062 801 †nam
2098 728 2164 782 et
2202 718 2376 783 ultra
2420 717 2755 801 superflua
2792 719 2984 791 nobis

575 822 739 905 legis
789 832 890 886 est
937 823 1261 888 custodia.

1353 822 1657 885 debitum
1706 822 1882 884 enim
1930 822 2111 904 quod
2160 821 2533 885 debebatur
2591 821 2722 905 legi
2785 843 2986 905 super

510 924 1009 1002 Seustodienda
1054 925 1140 988 ab
1179 925 1505 1000 omnibus,
1553 924 1681 987 hoc
1730 924 2033 990 Chris-tus
2083 924 2403 1007 persoluit
2452 925 2646 988 nobis
2670 944 2687 1002 ;
2752 934 2986 1007 utpote

571 1028 776 1092 homo
823 1030 1119 1093 existens
1166 1029 1533 1092 secundum
1587 1028 1772 1110 quod
1826 1029 2194 1104 uidebatur,
2247 1037 2314 1091 et
2367 1028 2550 1110 quod
2604 1048 2726 1111 pro
2792 1028 2985 1092 nobis

573 1132 880 1214 suscepit.

967 1151 1119 1195 cum
1174 1132 1354 1194 omni
1406 1132 1654 1195 etenim
1708 1131 1971 1196 cautela
2019 1130 2237 1215 legem
2292 1130 2614 1213 impleuit,
2674 1140 2742 1196 et
2795 1132 2983 1213 quasi

575 1236 911 1316 quaedam
962 1256 1083 1318 pro
1136 1243 1363 1299 nostra
1421 1236 1884 1317 redemptione
1944 1236 2350 1318 adpendens,
2404 1234 2674 1297 redemit
2727 1255 2842 1297 nos
2898 1233 2985 1297 ab

575 1339 715 1402 eius
756 1339 1094 1417 seruitute,
1128 1347 1196 1402 et
1237 1360 1277 1402 a
1324 1339 1681 1403 maledicto
1726 1339 1888 1421 legis
1919 1359 2183 1404 securos
2226 1360 2370 1403 esse
2400 1359 2519 1421 per
2558 1333 2785 1402 omnia
2814 1337 2984 1401 fecit.

472 1458 550 1505 10
575 1441 876 1525 qualiter,
907 1442 1013 1506 uel
1047 1443 1389 1524 quomodo
1417 1443 1440 1506 ?

686 1603 919 1684 factus
946 1613 1074 1683 pro
1114 1601 1295 1665 nobis
1338 1568 1750 1665 nialedictum
1773 1600 1811 1639 *⁵
1850 1602 2180 1684 (scriptum
2211 1611 2307 1665 est
2325 1602 2496 1666 enim
2519 1625 2542 1665 .·
2587 1603 2988 1667 ‘maledictus

572 1705 786 1770 omnis
833 1706 953 1788 qui
984 1706 1222 1786 pendet
1270 1705 1341 1767 in
1388 1705 1615 1788 ligno')
1636 1728 1667 1780 ,·
1711 1714 1787 1767 ut
1838 1706 1907 1767 in
1944 1705 2249 1786 gentibus
2302 1704 2641 1769 benedictio
2686 1707 2990 1770 Abrahae

556 1811 754 1895 fleret
798 1810 869 1872 in
918 1808 1177 1875 Christo
1219 1808 1368 1871 Iesu
1386 1831 1419 1883 ,·
1480 1816 1557 1870 ut
1576 1810 2074 1889 promissionem
2117 1809 2411 1892 Spiritus
2447 1811 2835 1892 accipiamus
2866 1819 2991 1893 per

556 1914 783 1997 fidem.

707 2047 904 2112 latius
936 2045 1250 2109 conuenit
1280 2044 1499 2108 dicere
1532 2044 1742 2124 illum,
1777 2045 1890 2128 qui
1926 2045 2352 2109 manifestum
2397 2045 2772 2129 legentibus
2806 2048 2988 2129 cupit

704 2363 923 2433 ἄλλως·
952 2390 1024 2429 τε
1053 2363 1165 2429 καὶ
1193 2361 1462 2449 περιττὴ
1492 2360 1730 2428 λοιπὸν
1768 2361 1919 2444 ἡμῖν
1957 2361 1997 2444 ἦ
2048 2366 2164 2428 τοῦ
2202 2361 2401 2444 νόμου
2440 2361 2723 2445 τήρησις,
2765 2364 2988 2449 φησίν.

575 2467 608 2533 ὃ
636 2466 764 2550 γὰρ
795 2463 1111 2551 ὠφείλετο
1141 2468 1232 2553 τῷ
1264 2464 1433 2549 νόμῳ
1476 2465 1666 2551 χρέος·
1705 2467 1825 2546 Τῆς
1872 2467 2168 2550 φυλακῆς
2214 2463 2393 2551 παρὰ
2439 2466 2569 2530 τῶν
2607 2463 2987 2548 ἀνθρώπων,

576 2573 762 2636 τοῦτο
809 2571 843 2635 ὁ
892 2568 1185 2655 Χριετόε
1236 2565 1602 2645 κατέβαλεν
1648 2565 1813 2653 ὑπὲρ
1865 2565 2060 2650 ἡμῶν.
2149 2565 2312 2650 μετὰ
2357 2566 2482 2652 «γὰρ
2536 2563 2763 2646 πάσης·
2794 2566 2990 2632 αὐτὸν

576 2673 687 2752 τῆς
719 2667 1053 2755 α’κριβειάς
1090 2668 1462 2756 πληρώσας,
1507 2668 1618 2734 καὶ
1667 2668 1891 2755 ὥσπερ
1937 2670 2083 2734 τινὰ
2128 2669 2339 2754 λύτρα
2386 2667 2783 2747 καταβαλών
2828 2666 2988 2753 ὑπὲρ

467 2797 552 2843 20
579 2772 770 2857 ἡμῶν,
818 2775 1256 2862 ἑΞΗΓόΡΔοὲΝ
1306 2800 1376 2841 τε
1410 2778 1590 2840 ιῖΜᾶε
1634 2777 1746 2855 τῆς
1787 2774 2024 2841 ἐκεῖθεν
2068 2773 2375 2852 δουλείας,
2420 2770 2527 2838 καὶ
2570 2774 2682 2853 τῆς
2713 2769 2992 2838 ἀπὸτοῦ

580 2875 774 2959 νόμου
821 2878 1105 2964 κατάρας
1154 2875 1551 2962 ἀπήλλαξεν.
1620 2880 1757 2949 πῶς
1805 2877 1914 2944 καὶ
1954 2876 2079 2944 τίνι
2131 2878 2384 2966 τρόπῳ;
2441 2883 2781 2955 ΓεΝόΜεΝοε
2835 2882 2991 2966 γ’πέρ

582 2981 768 3045 timeon
821 2985 1059 3067 κατάρα.

685 3207 702 3239 1
744 3191 815 3240 illi
842 3189 938 3255 (ast
960 3192 1143 3250 locum)
1169 3192 1272 3238 add
1295 3192 1338 3238 C
1345 3189 1370 3213 ¹
1396 3191 1494 3238 illis
1523 3192 1565 3240 C
1587 3192 1735 3250 (corr)

586 3273 663 3321 C*
688 3271 782 3320 H*

580 3370 658 3402 om
697 3352 791 3401 H*

655 3544 697 3582 1.
766 3546 816 3579 eo
836 3531 968 3594 quod
993 3530 1150 3578 locum
1183 3530 1382 3578 nullum
1413 3530 1491 3591 h.]
1553 3530 1579 3579 I
1615 3531 1744 3580 have

586 3615 824 3662 ventured
869 3620 921 3662 to
966 3614 1228 3662 substitute
1273 3615 1472 3662 nullum
1528 3614 1604 3662 sor
1659 3615 1743 3663 the

588 3697 793 3759 reading
822 3696 881 3744 of
907 3696 991 3744 the
1026 3697 1210 3745 Corbie
1250 3698 1387 3754 MS,
1429 3697 1591 3746 which
1627 3711 1745 3761 may

588 3778 713 3826 have
736 3779 862 3826 been
888 3777 1134 3841 imported
1169 3779 1275 3826 into
1308 3778 1406 3826 this
1441 3778 1581 3842 place
1617 3778 1743 3826 from

588 3860 671 3909 the
695 3859 954 3923 following
974 3859 1090 3908 line.
1169 3860 1222 3907 Is
1238 3861 1317 3908 illi
1338 3862 1377 3909 is
1402 3869 1453 3908 to
1478 3863 1539 3909 be
1562 3860 1744 3924 simply

588 3943 797 3991 omitted
822 3943 895 4002 (as
919 3943 968 3989 in
992 3942 1091 4002 Il),
1123 3942 1205 3990 the
1228 3942 1462 4005 meaning
1490 3943 1589 3990 will
1626 3943 1743 3991 then

590 4026 681 4073 be:
721 4025 883 4082 ‘since
918 4024 1002 4072 the
1034 4024 1130 4072 law
1153 4024 1242 4072 has
1266 4024 1512 4087 faithfully
1537 4024 1744 4073 sulfilled

589 4107 651 4154 its
674 4106 914 4168 promises
936 4106 1056 4154 with
1081 4105 1254 4168 regard
1281 4114 1330 4154 to
1355 4106 1437 4155 the
1460 4106 1662 4168 coming
1695 4106 1753 4153 of

592 4187 777 4245 Christ,
812 4188 849 4235 it
886 4202 1001 4250 may
1039 4186 1102 4236 be
1142 4188 1387 4251 supposed
1424 4187 1531 4236 that
1565 4187 1602 4235 it
1644 4187 1745 4234 will

591 4271 828 4319 maintain
855 4271 915 4319 its
939 4271 1080 4335 place
1102 4273 1259 4320 under
1289 4271 1371 4319 the
1395 4287 1505 4320 new
1529 4271 1673 4318 order
1696 4269 1752 4318 os

595 4352 791 4415 things;
825 4353 981 4401 hence
1016 4352 1101 4401 the
1135 4352 1260 4402 need
1295 4352 1354 4401 of
1385 4368 1522 4401 some
1559 4351 1746 4401 further

594 4434 741 4496 proof
779 4434 886 4481 that
932 4435 966 4481 it
1015 4435 1052 4481 is
1099 4452 1164 4484 no
1210 4436 1381 4496 longer
1425 4435 1634 4496 binding
1680 4451 1743 4480 on

1029 3291 1075 3332 4,
1119 3286 1145 3332 5
1179 3271 1302 3334 legis
1334 3273 1376 3320 C
1385 3271 1410 3296 ¹*
1437 3273 1504 3319 H
1561 3271 1659 3335 legi
1696 3286 1844 3335 super
1876 3270 2228 3319 custodiendae
2260 3271 2303 3318 C
2323 3268 2464 3333 (corr)

979 3350 1037 3401 16
1061 3368 1132 3416 sq.
1172 3352 1323 3401 Coisl.
1371 3365 1465 3410 204
1482 3350 1515 3401 s.
1548 3352 1662 3413 24b
1702 3352 1806 3413 [Cr.
1849 3352 1915 3400 vi.
1959 3351 2056 3413 52].
2131 3349 2279 3399 ἄλλος
2314 3351 2365 3398 δέ
2400 3357 2570 3411 φησιν·
2605 3350 2780 3409 ἄλλως,
2817 3353 2964 3399 κ.τ.λ.

1903 3206 1928 3237 2
1966 3190 2038 3238 illi
2061 3191 2127 3238 H
2274 3204 2317 3249 2,
2351 3204 2376 3250 3
2412 3190 2581 3250 ullam,
2610 3189 2994 3239 controversiam

2708 3285 2725 3317 1
2738 3285 2764 3332 3
2799 3270 2997 3333 spiritus

1844 3530 2097 3580 Christian
2143 3527 2296 3580 men.'

1842 3617 1895 3665 11.
1926 3630 1973 3677 5,
1998 3615 2045 3666 6.

1910 3717 1958 3758 4.
2024 3704 2169 3758 super
2210 3694 2537 3754 custodienda]
2591 3710 2652 3742 sc.
2692 3693 2802 3757 lege
2839 3711 2880 3742 s.
2918 3710 2991 3743 en.

1846 3779 2065 3843 Perhaps
2086 3795 2139 3826 ea
2164 3778 2254 3825 has
2279 3777 2427 3825 fallen
2457 3785 2542 3824 out
2574 3777 2743 3824 before
2767 3777 2840 3826 ab.
2916 3778 2997 3824 On

1843 3862 2122 3924 super-:de‚
2148 3859 2379 3908 followed
2415 3859 2480 3922 by
2504 3859 2586 3908 the
2620 3860 2743 3916 abl.,
2769 3876 2850 3908 see
2886 3860 2998 3907 Hil-

1846 3942 2085 4001 debrand,
2114 3941 2268 4003 Apul.
2299 3940 2348 3988 ii.
2382 3954 2488 4004 193.

1918 4040 1991 4073 11.
2060 4040 2149 4073 scr.
2190 4031 2257 4072 est
2286 4040 2357 4072 ez:
2403 4023 2708 4083 maledictuS‚
2750 4022 2861 4083 δια]
2920 4023 3000 4083 ’γέ-

1845 4123 2063 4168 ’γραπται
2095 4103 2209 4167 γάρ·
2248 4107 2593 4166 ἐπικατάρατος
2625 4108 2774 4154 κ.τ.λ.
2843 4106 2994 4154 Thdt.

1847 4188 1953 4236 also
1976 4188 2123 4236 omits
2147 4187 2237 4237 ὅτι.

1920 4284 1935 4315 1
1949 4283 1991 4330 3.
2056 4267 2447 4332 promisst'omm]
2523 4268 2612 4325 τὴν
2659 4268 2964 4329 ἐπαγγελίαν
2989 4288 2999 4317 :

1849 4351 2018 4415 vulg„
2042 4352 2069 4376 ‘⁶
2084 4348 2546 4414 pollicitationem.''
2564 4351 2627 4399 O.
2642 4351 2718 4406 L„
2734 4351 2979 4399 Ambrstr.
2992 4386 3002 4402 ‚

1854 4433 2299 4480 “benedictionem
2319 4431 2345 4450 '³
2372 4432 2649 4490 (εὐλογίαν).

2365 3530 2474 3589 See,
2524 3529 2770 3589 however,
2822 3546 2873 3595 p.
2913 3548 2992 3590 44,
