3293 5233
315 394 363 457 Ι.
410 393 527 479 16.]
1050 409 1132 460 m
1182 409 1286 460 ΕΡ.
1332 410 1435 461 An
1482 409 2002 462 comssnusEs.
2599 408 2720 475 271

310 579 581 662 quidem
616 580 966 647 imminent
1000 583 1152 658 aeri,
1184 582 1293 645 alii
1344 603 1502 647 uero
1543 583 1685 661 soli,
1725 584 1836 647 alii
1883 592 2107 648 autem
2158 580 2372 658 lunae,
2412 580 2522 645 alii
2573 589 2732 643 uero

310 684 536 758 stellis,
562 683 675 747 alii
709 685 909 749 etiam
943 683 1090 748 aliis
1121 683 1470 768 aliquibuS,
1504 695 1580 750 ut
1609 694 2083 749 commoneant
2113 685 2340 748 omnia
2362 682 2728 748 secundum

312 789 677 871 inpositum
736 788 862 851 sibi
917 808 956 851 a
1020 789 1171 851 Deo
1224 789 1583 852 terminum
1637 788 1723 852 ad
1778 789 1906 852 hoc
1958 797 2033 851 ut
2085 789 2312 852 omnia
2370 785 2730 850 consistere

310 891 585 972 possint.
658 890 1068 971 principatus
1102 898 1169 952 et
1198 899 1542 972 potestates
1584 889 1740 954 hinc
1772 889 2179 964 dicebantur,
2212 908 2292 951 eo
2322 888 2502 971 quod
2550 888 2727 969 prin-

310 992 530 1075 cipare
562 1002 629 1057 et
660 1003 1060 1075 potestatem
1094 1013 1400 1056 exercere
1432 994 1707 1058 alicuius
1732 993 1980 1077 negotii
2014 1002 2406 1076 acceperant
2433 1001 2727 1076 potesta·
2800 1000 2834 1069 5

310 1106 489 1174 tem;
566 1098 737 1159 sicut
796 1106 863 1159 et
924 1095 1233 1177 Ephesiis
1293 1097 1588 1161 scribens
1649 1098 1735 1161 de
1787 1097 2057 1161 diabolo
2110 1097 2310 1162 dicit:
2382 1096 2728 1160 secundum

297 1199 655 1283 principem
698 1199 1037 1283 potestatis
1086 1199 1261 1263 aeris
1303 1200 1629 1283 spiritalis
1645 1224 1678 1275 ‚·
1738 1209 1808 1264 et
1857 1201 2037 1283 apud
2093 1199 2379 1266 Daniel:
2431 1200 2730 1284 princeps

311 1302 611 1366 Persidis
646 1303 888 1366 restitit
929 1303 1113 1378 milei,
1157 1312 1226 1365 et
1253 1302 1553 1384 princeps
1588 1302 2069 1366 uester—illum
2112 1302 2422 1385 angelum
2461 1302 2574 1385 qui
2605 1321 2727 1384 pro

313 1402 440 1467 illis
493 1404 1007 1469 sollicitudinem
1063 1405 1387 1487 expendit
1431 1406 1526 1467 sic
1579 1424 1884 1467 euocanS.
1993 1404 2171 1466 unde
2222 1403 2532 1466 dilatauit
2579 1422 2726 1464 sen-

312 1527 476 1583 sum,
521 1508 695 1571 sedes
732 1508 1198 1571 dominationes
1237 1518 1305 1571 et
1328 1506 1742 1590 principatus
1785 1517 1852 1571 et
1877 1518 2222 1590 potestates
2257 1507 2501 1582 dicenS,
2548 1507 2720 1569 idem
2763 1525 2840 1573 10

312 1609 505 1691 ipsud
550 1611 729 1674 uarie
771 1610 1015 1674 dicens,
1106 1610 1194 1673 ‘si
1229 1611 1495 1693 (inquit)
1534 1620 1635 1674 est
1669 1608 1918 1691 aliquid
1949 1609 2129 1692 quod
2160 1610 2555 1684 dominetur,
2587 1610 2727 1671 siue

312 1711 683 1775 dominium
727 1713 851 1776 sibi
883 1713 1193 1789 uindicet,
1225 1714 1365 1776 siue
1397 1713 1846 1795 principatum
1877 1721 2119 1790 teneat,
2151 1713 2292 1776 siue
2322 1722 2724 1795 potestatem
2751 1738 2758 1746 ·

311 1826 636 1894 exerceat,
687 1818 1293 1900 quomodocunque
1345 1816 1493 1899 quis
1553 1817 1774 1880 dicere
1822 1816 2107 1880 uoluerit
2158 1817 2244 1880 de
2297 1817 2545 1881 tributa
2599 1816 2729 1879 illis

311 1936 352 1979 a
402 1917 551 1980 Deo
600 1927 949 2000 potestate,
995 1918 1063 1981 in
1118 1919 1248 2002 ipso
1289 1929 1447 1981 sunt
1487 1918 1710 1982 omnia
1745 1930 1976 1982 creata.
2066 1919 2437 1982 taediantes
2480 1918 2725 1982 etenim

309 2018 596 2099 primum
629 2028 900 2102 propter
928 2020 1232 2083 homines
1265 2030 1332 2083 et
1364 2041 1556 2083 suum
1590 2041 1757 2102 opus
1783 2041 1902 2102 pro
1935 2021 2126 2083 nobis
2157 2019 2470 2103 perficere
2502 2020 2728 2083 nolen-
2764 2029 2832 2096 15

311 2128 427 2197 teS,
483 2142 658 2186 nunc
718 2143 869 2185 cum
922 2122 1265 2186 alacritate
1316 2123 1541 2185 omnia
1593 2121 1964 2205 proficiunt,
2016 2121 2489 2204 proprietatem
2543 2120 2724 2184 illam

312 2234 588 2288 naturae
619 2236 886 2290 nostrae
916 2248 1088 2309 quae
1119 2227 1178 2289 ei
1223 2228 1410 2290 unita
1455 2237 1557 2290 est
1603 2237 2014 2303 ueneranteS,
2056 2246 2258 2308 quam
2306 2247 2522 2310 neque
2565 2227 2728 2290 ado-

311 2348 451 2390 rare
510 2328 825 2392 dubitant
884 2339 1156 2412 propter
1214 2349 1363 2392 eam
1424 2349 1598 2412 quae
1660 2330 1831 2393 inest
1892 2330 1953 2393 ei
2016 2337 2321 2392 naturam
2385 2328 2452 2391 in
2506 2329 2725 2393 futuro

310 2428 592 2505 saeculo,
655 2451 735 2492 eo
795 2431 977 2513 quod
1037 2432 1265 2494 omnia
1323 2430 1748 2514 copulatione
1808 2430 2099 2514 quadam
2162 2431 2229 2493 in
2290 2451 2362 2494 se
2420 2431 2727 2514 redigens

311 2529 689 2614 conligauit,
723 2552 802 2596 eo
834 2533 941 2596 uel
974 2534 1273 2597 maxime
1305 2544 1607 2616 tempore
1653 2554 1786 2618 quo
1818 2535 2036 2598 omnis
2067 2532 2362 2598 soluetur
2379 2519 2725 2616 ”corruptio
2758 2550 2842 2600 20

309 2641 376 2696 et
422 2633 632 2700 mors,2
722 2645 790 2699 et
834 2635 1148 2718 quoniam
1196 2637 1546 2701 uidebatur
1590 2637 1985 2702 insuadibile
2036 2658 2180 2701 esse
2228 2637 2727 2720 quodammodo

412 2898 432 2933 1
471 2883 693 2932 eminent
715 2897 747 2931 r
939 2898 966 2930 τι
1004 2884 1160 2933 stellis
1184 2883 1301 2948 (sor
1318 2883 1447 2947 aliis)
1472 2901 1504 2933 r
1528 2883 1535 2948 Ι
1567 2885 1835 2949 aliiquibus
1863 2885 1907 2934 C
1929 2885 2218 2950 reliiquibus
2240 2888 2307 2935 H
2493 2885 2525 2936 6
2557 2888 2728 2937 dicens

316 2963 383 3013 C‘
411 2963 478 3012 H
489 2981 522 3013 r
668 2976 694 3026 7
732 2962 950 3012 Danihel
975 2965 1042 3012 II
1197 2981 1256 3015 10
1288 2965 1342 3013 id
1364 2973 1439 3016 est
1464 2966 1577 3029 (for
1596 2966 1752 3026 idem)
1777 2983 1808 3015 r
1974 2981 1993 3014 1
2010 2982 2027 3015 1
2065 2968 2227 3031 ipsum
2253 2967 2327 3017 C*
2484 2982 2541 3030 14
2575 2969 2674 3017 Dei
2698 2987 2729 3019 r

316 3053 371 3102 15
406 3042 631 3092 uolentes
659 3042 728 3091 C‘
1014 3047 1071 3093 18
1107 3044 1158 3093 in
1181 3060 1258 3093 om
1283 3060 1316 3092 r
1578 3060 1636 3110 ¹9
1672 3045 2044 3110 copulationem
2069 3047 2322 3111 quandam
2351 3046 2398 3096 C
2408 3047 2475 3096 H
2493 3045 2500 3112 Ι
2532 3049 2727 3098 rediens

315 3123 384 3174 C*
399 3124 467 3174 H
476 3140 508 3172 r
723 3138 788 3175 20
820 3125 1093 3174 solueretur
1116 3141 1148 3173 r

374 3359 419 3403 4.
472 3338 790 3403 principare]
849 3339 1068 3395 Rssnsch‚
1093 3340 1246 3395 Itala,
1274 3356 1324 3404 p.
1359 3338 1463 3389 168.

372 3421 420 3472 6.
480 3423 747 3471 secundum
798 3422 1081 3486 principem
1117 3431 1173 3487 p.
1221 3439 1269 3470 a.
1316 3423 1463 3485 spiri·

305 3506 444 3567 talis]
510 3505 644 3569 Eph.
677 3505 729 3553 ii.
766 3520 809 3563 2,
843 3505 1005 3553 where
1032 3521 1113 3554 see
1144 3521 1321 3554 comm.
1363 3506 1463 3553 and

306 3597 464 3637 notes.
533 3587 790 3650 Spiritalis
818 3603 978 3635 seems
1002 3595 1055 3636 to
1076 3588 1140 3636 be
1163 3602 1227 3635 an
1250 3593 1462 3650 attempt

306 3678 359 3720 to
413 3670 652 3733 interpret
706 3666 792 3718 τοῦ
847 3671 1114 3728 πνεύματος
1167 3686 1223 3717 as
1278 3666 1463 3728 ἰῘ--τῆς

306 3749 941 3816 ”evitaveris—probably
964 3767 1028 3801 on
1054 3753 1138 3801 the
1170 3761 1279 3817 part
1304 3753 1361 3802 of
1378 3753 1461 3801 the

306 3835 586 3884 translator.

376 3929 417 3978 7.
498 3916 749 3980 ‘princeps
794 3916 1013 3964 Persidis
1060 3917 1239 3965 restitit
1293 3917 1459 3976 miln‘,’

301 4004 349 4048 et
397 4000 502 4062 ‘pra
556 3996 759 4060 uester’]
827 3998 959 4045 Dan.
1005 4013 1054 4044 x.
1103 4011 1176 4061 13,
1221 4011 1298 4056 2¹,
1349 3999 1462 4054 ἃς..

302 4079 329 4128 ὁ
374 4079 536 4140 ἅρχων
591 4081 843 4141 βασιλείας
898 4075 1097 4139 Περσῶν
1151 4078 1359 4138 εἱστήκει
1414 4082 1465 4139 ἐξ

304 4162 524 4209 ἐναντίας
573 4177 664 4218 μου
672 4197 787 4208 ......
796 4156 821 4206 ὁ
866 4159 1026 4219 ἅρχων
1080 4155 1223 4214 ὑμῶν.
1311 4159 1463 4221 Vulg.

278 4247 421 4305 ·“pr.
478 4241 616 4303 regni
676 4238 986 4289 Persarum-’⁹
1065 4240 1162 4288 Th.
1220 4242 1464 4304 probably

303 4332 459 4372 wrote
529 4321 614 4380 τῆς
648 4322 878 4383 Περσίδος
928 4321 1056 4369 stom
1102 4338 1341 4384 memor-y,
1388 4324 1464 4371 his

303 4402 445 4453 mind
476 4401 690 4465 running
721 4417 785 4449 on
819 4418 862 4449 c.
902 4401 966 4448 xi.
1011 4416 1052 4458 α,
1091 4403 1211 4463 τρεῖς
1245 4404 1466 4463 βασιλεῖς

301 4482 657 4541 ἀναστήσονται
683 4485 733 4530 ἐν
760 4478 821 4543 τῇ
846 4483 1057 4543 Περσίδι.

1632 3342 1678 3389 8.
1751 3341 1897 3398 illum
1942 3341 2191 3402 angelum,
2250 3340 2366 3401 δια]
2433 3341 2589 3390 Thdt.
2636 3343 2723 3404 (on

1569 3422 1704 3469 Dan.
1741 3437 1786 3468 x.
1839 3422 1947 3483 13):
1998 3421 2041 3468 οἱ
2080 3422 2132 3469 δὲ
2167 3420 2472 3482 ἁρχαῖγγελοι
2511 3422 2599 3471 τὰς
2630 3425 2727 3471 τῶν

1564 3503 1714 3549 ἐθνῶν
1735 3503 2024 3551 ἐπιστασίας
2045 3504 2467 3561 ἑνεπιστεὺθησαν,
2500 3504 2558 3553 ὡς
2582 3503 2609 3554 ὁ
2632 3522 2724 3561 μα·

1564 3580 1721 3644 κάριος
1743 3585 1951 3643 ἐδίδαξεν
1975 3585 2184 3644 Μωῢσῆς
2208 3587 2382 3647 [Deut.
2408 3589 2558 3636 xxxii.
2585 3589 2653 3649 8].

1634 3680 1711 3714 11.
1773 3666 1917 3714 uarie
1936 3666 2118 3728 dicens]
2186 3670 2264 3717 Cs.
2292 3686 2338 3733 p.
2373 3671 2540 3732 ¹214.l.
2577 3688 2650 3734 13·

1633 3762 1710 3808 ¹4·
1766 3749 2054 3811 taediantes]
2144 3752 2222 3800 Cf.
2289 3753 2508 3813 R'onsch,
2570 3757 2722 3813 Itala,

1562 3849 1611 3898 p.
1649 3837 1757 3895 158.
1828 3835 1966 3883 Here
1990 3835 2075 3883 the
2098 3835 2217 3883 verb
2249 3834 2289 3883 is
2322 3836 2406 3884 the
2437 3837 2723 3900 equivalent

1562 3914 1621 3962 of
1669 3910 1820 3961 ὀκνεῖν
1878 3913 1961 3974 (cf.
2019 3915 2116 3963 Th.
2162 3931 2227 3963 on
2288 3917 2433 3965 Rom.
2484 3918 2585 3967 viii.
2640 3933 2716 3984 29,

1566 3993 1793 4055 πράττειν
1828 3991 2022 4043 ἅπαντα
2056 3993 2176 4057 ὑπὲρ
2216 3992 2345 4053 ἡμῶν
2391 3994 2474 4044 οὐκ
2509 3997 2722 4059 ὤκνουν),

1564 4092 1619 4125 or
1643 4077 1865 4141 possibly
1889 4078 1946 4127 of
1963 4079 2316 4141 σκυθρωπάζειν
2340 4078 2406 4143 (p.
2440 4079 2550 4142 267,
2579 4080 2612 4129 l.
2646 4096 2721 4137 12,

1564 4160 1722 4218 note).

1636 4242 1711 4288 18.
1769 4241 1824 4287 in
1834 4240 2022 4302 ficturo
2043 4241 2246 4301 saeculo]
2284 4240 2378 4290 See
2401 4258 2452 4306 p.
2480 4246 2555 4303 58,
2587 4244 2619 4292 l.
2647 4259 2720 4306 ¹3·

1631 4336 1710 4370 21.
1772 4324 2091 4384 insuadibile]
2160 4324 2237 4373 Cf.
2302 4340 2350 4388 p.
2413 4325 2493 4388 96,
2552 4327 2583 4375 l.
2642 4327 2720 4382 26,

1566 4413 1702 4453 note.
