3293 5233
292 377 342 442 1.
381 379 597 464 3—5.]
1056 359 1062 365 ⁴
1132 393 1214 445 m
1264 394 1370 446 ΕΡ.
1415 394 1518 443 AD
1564 391 1918 445 camus.
2657 392 2698 457 7

289 578 436 624 esse
475 558 755 638 uidetur,
799 579 922 625 nec
975 560 1154 626 bona
1205 581 1373 642 esse,
1411 582 1536 627 nec
1589 561 1771 627 mala
1814 560 2184 627 secundum
2231 577 2423 627 suam
2474 567 2700 644 potest

289 682 435 727 esse
482 666 840 731 naturam?
889 665 1009 731 sed
1055 666 1221 732 illud
1274 667 1456 751 quod
1507 665 1655 733 uult
1704 666 2050 751 apostolus
2101 665 2189 731 ad
2241 684 2556 751 praesens
2602 663 2700 729 di-

289 784 455 843 cere,
518 768 610 834 ob
658 769 1072 854 propositam
1133 769 1327 836 nobis
1379 771 2000 854 interpretationem
2054 766 2393 852 explicare
2450 768 2700 834 iustum

289 890 654 937 censemus,

417 976 673 1057 primus
737 975 945 1042 homo
1002 976 1209 1043 adubi
1267 975 1483 1042 factus
1557 985 1684 1059 est,
1751 978 1808 1042 si
1883 975 2255 1044 inmortalis
2328 977 2699 1053 mansisset,
2775 982 2805 1050 5

290 1098 603 1161 praesens
666 1080 897 1163 utique
961 1100 1097 1145 non
1167 1088 1345 1145 esset
1413 1080 1602 1158 uita;
1687 1100 1773 1147 eo
1829 1079 2011 1164 quod
2072 1099 2196 1146 nec
2253 1077 2456 1146 finem
2520 1079 2700 1145 idem

291 1181 568 1248 haberet
641 1184 838 1260 uitae,
914 1182 1284 1248 inmortalis
1365 1182 1724 1249 manendo·
1858 1201 2091 1251 uerum
2164 1185 2327 1267 quia
2400 1182 2702 1250 mortalis

293 1269 508 1351 sactus
568 1295 672 1352 est
729 1307 849 1372 per
904 1297 1272 1373 peccatum,
1317 1308 1634 1371 praesens
1694 1297 1973 1355 uocatur
2029 1290 2174 1355 uita
2230 1289 2489 1356 instans
2545 1290 2704 1366 uita,

295 1390 363 1452 in
421 1393 922 1473 comparatione
986 1391 1248 1455 suturae
1324 1390 1497 1455 illius
1570 1391 1753 1455 uitae
1824 1411 2030 1474 quam
2104 1392 2174 1456 in
2246 1391 2486 1457 ultimo
2560 1390 2704 1459 fieri

295 1502 755 1576 expectamus.
888 1494 958 1558 in
1035 1492 1162 1558 hac
1244 1493 1445 1576 igitur
1515 1493 1678 1571 uita,
1749 1495 1908 1578 quia
1981 1514 2267 1578 peccare
2328 1510 2715 1578 possumug‘
2735 1506 2817 1557 to

299 1596 413 1659 Iex
473 1596 666 1660 nobis
725 1604 829 1662 est
886 1594 1321 1671 necessaria,*
1382 1616 1517 1678 qua
1576 1596 2053 1680 prohibeamur
2111 1598 2202 1662 ab
2258 1596 2393 1663 illis
2447 1598 2710 1664 actibus

297 1700 411 1782 qui
471 1699 664 1764 nobis
723 1721 858 1766 non
917 1700 1340 1765 conueniunt.
1451 1719 1607 1765 nam
1662 1708 1731 1764 et
1788 1707 1949 1764 ante
2007 1699 2227 1783 legem
2288 1699 2709 1783 Moysaicam

298 1811 489 1867 erant
541 1803 840 1887 legitima
892 1803 1225 1887 quaedam
1285 1803 1469 1887 apud
1527 1801 1854 1880 homines,
1915 1823 2091 1885 quae
2147 1802 2514 1868 secundum
2576 1805 2713 1869 Dei

299 1906 696 1989 sapientiam
770 1906 1002 1973 datam
1077 1907 1340 1972 inerant
1412 1905 1622 1971 nobis.
1736 1924 1873 1969 non
1945 1906 2123 1970 enim
2198 1905 2392 1971 nobis
2464 1904 2711 1972 licebat

298 2008 729 2073 homicidium
772 2009 989 2076 facere
1024 2030 1242 2094 neque
1280 2008 1702 2084 adulterium,
1736 2029 1953 2093 neque
1989 2007 2236 2074 furtum
2278 2029 2497 2092 neque
2527 2008 2710 2075 aliud
2742 2021 2814 2091 15

300 2114 785 2179 inconuenienS.
900 2115 1011 2190 †in
1071 2114 1293 2179 futuro
1352 2134 1514 2179 uero
1565 2110 1835 2178 saeculo
1894 2132 2112 2196 neque
2170 2111 2287 2177 lex
2337 2112 2533 2177 nobis
2585 2114 2711 2178 erit

300 2217 689 2297 necessaria,
735 2236 955 2300 neque
997 2215 1422 2281 obseruantia
1474 2214 1755 2279 alicuius
1798 2213 2179 2298 praecepti;
2239 2235 2322 2280 eo
2379 2215 2564 2298 quod
2623 2214 2713 2280 ab

302 2321 484 2383 omni
531 2328 812 2404 peccato
857 2319 1047 2384 liberi
1096 2339 1216 2403 per
1261 2319 1551 2402 gratiam
1603 2317 1818 2382 sancti
1869 2316 2159 2400 Spiritus
2201 2316 2711 2383 custod1emur.*

301 2423 662 2487 ostendens
713 2423 941 2507 itaque
1000 2420 1344 2506 apostolus
1404 2431 1663 2505 quanta
1707 2420 1796 2487 sit
1850 2420 2226 2486 differentia
2277 2420 2365 2486 de
2420 2420 2549 2486 illis
2596 2422 2711 2507 qui

301 2527 665 2594 secundum
716 2527 1054 2594 Christum
1098 2535 1257 2592 sunt
1300 2535 1369 2592 et
1412 2526 1500 2591 de
1544 2526 1676 2591 illis
1720 2525 1836 2610 qui
1872 2526 2240 2591 secundum
2286 2525 2506 2611 legem
2538 2536 2711 2607 sunt,
2741 2524 2835 2596 20'

301 2627 467 2697 haec
520 2631 760 2716 posuit,
808 2629 1086 2706 †uolens
1143 2630 1386 2696 docere
1435 2630 1755 2715 quoniam
1801 2631 1999 2697 ‘data
2042 2631 2316 2715 quidem
2366 2639 2511 2698 erat
2556 2630 2714 2714 lex3

302 2893 469 2962 κατὰ
513 2893 748 2981 φύσιν;
795 2893 949 2960 ἀλλ’
978 2891 1136 2985 ὅπερ
1179 2894 1496 2975 βούλεται
1538 2895 1743 2963 εἰπεῖν
1781 2893 1816 2961 ὁ
1864 2894 2240 2966 ἀπόστολος
2280 2893 2473 2961 τοῦτο’
2509 2894 2713 2962 ἐστιν.

303 2995 338 3063 ὁ
367 3001 622 3084 πρῶτος
653 2997 992 3082 ἄνθρωπος
1033 2997 1118 3070 ὦς
1156 2999 1424 3083 ε’·γένετο,
1468 2997 1526 3066 εἰ
1568 2997 1689 3082 μὲν
1727 2997 2050 3071 ἀθάνατος
2094 2996 2352 3081 ἔμεινεν,
2399 2997 2718 3071 ἐνεστὼς

301 3101 449 3182 βίος
476 3100 594 3168 οὐκ
622 3097 702 3167 ἂν
729 3101 821 3182 ἦν,
855 3101 972 3168 ἅτε
999 3100 1076 3184 δὴ
1104 3102 1290 3174 τέλος
1320 3100 1437 3168 οὐκ
1465 3101 1656 3192 ἔχων·
1702 3099 1920 3183 ἐπειδὴ
1963 3099 2031 3167 δὲ
2072 3099 2296 3181 θνητὸς
2335 3098 2582 3184 ε’·γένετο
2612 3099 2721 3167 διὰ

303 3201 420 3285 τὴν
453 3202 793 3288 ἁμαρτίαν,
827 3204 1141 3277 ἐνεστὼς
1171 3207 1468 3271 καλεῖται
1494 3203 1644 3283 βίος
1675 3201 1760 3275 ὦς
1799 3202 1964 3273 εἰκὸς
1994 3201 2033 3284 ἦ
2065 3204 2371 3289 παροῦσα
2402 3201 2522 3284 ζωὴ
2552 3201 2718 3288 πρὸς
2745 3224 2822 3289 25

304 3306 422 3389 τὴν
454 3306 834 3390 μέλλουσαν
874 3307 1159 3395 ὕστερον.
1247 3310 1318 3375 ἐν
1358 3308 1564 3394 ταύτῃ
1607 3308 1728 3390 μὲν
1770 3304 1882 3373 οὖν
1925 3305 2035 3374 καὶ
2077 3304 2471 3392 ἁμαρτάνειν
2512 3307 2718 3375 ἐπιδε-

304 3410 576 3500 χόμεθα,
626 3407 774 3480 ὅθεν
824 3410 934 3478 καὶ
983 3413 1269 3495 νομίμων
1317 3410 1472 3493 ἡμῖν
1524 3409 1734 3499 χρεία·
1800 3409 1907 3476 ἐπὶ
1960 3409 2030 3475 δέ
2074 3436 2150 3493 Ὗε
2196 3412 2310 3477 τοῦ
2364 3411 2721 3495 μέλλοντος

306 3515 530 3587 αἰῶνος
558 3513 702 3581 οὐδὲ
731 3514 1077 3600 διατάξεως
1103 3517 1296 3607 χρεία
1322 3514 1476 3601 ἡμῖν
1505 3516 1692 3595 τινός,
1719 3516 1985 3601 ἐπείπερ
2011 3513 2133 3599 ἔξω
2157 3512 2380 3595 πάσης
2404 3513 2721 3603 ἁμαρτίας

307 3623 386 3705 τῇ
415 3621 527 3684 τοῦ
557 3618 918 3704 πνεύματος
945 3618 1173 3707 χάριτι
1195 3618 1684 3706 φυλαττόμεθα.

435 3744 752 3824 βούλεται
787 3744 1002 3812 τοίνυν
1030 3744 1235 3811 εἰπεῖν
1262 3743 1364 3811 ὅτι
1406 3742 1657 3811 δέδοται
1694 3743 1815 3828 μὲν
1843 3742 1878 3810 ὅ
1923 3741 2130 3827 νόμος,
2169 3740 2453 3829 ἁμαρτία
2494 3741 2565 3810 δὲ
2609 3740 2724 3809 οὐκ
2746 3765 2832 3830 30

406 3947 436 3997 3
467 3932 683 3998 positam
706 3932 774 3982 Η
1026 3943 1053 3995 5
1087 3937 1140 3983 at
1160 3933 1249 3982 ubi
1276 3932 1322 3984 C
1577 3933 1608 3985 8
1643 3932 1778 3983 idem
1807 3932 1853 3982 C
1945 3931 2000 3982 id
2032 3938 2107 3983 est
2138 3932 2206 3982 Η
2221 3932 2324 3994 (ins
2345 3931 2492 3997 bq‘ore
2512 3932 2722 3991 instans)

314 4028 375 4065 10
405 4029 610 4078 pecoere
630 4029 711 4063 om
738 4012 810 4063 C·
1002 4029 1059 4063 12
1094 4029 1223 4078 quae
1249 4014 1293 4064 C
1310 4013 1380 4063 Η
1569 4030 1629 4078 ¹4
1662 4029 1714 4064 n.
1738 4014 1885 4064 liceat
1911 4011 1985 4064 C*
2006 4012 2192 4064 licebat
2208 4028 2259 4063 n.
2282 4013 2351 4063 Η
2541 4026 2599 4076 17
2633 4015 2722 4066 ob·

306 4097 582 4150 semantiae
621 4097 665 4148 C
683 4096 752 4146 H
938 4098 1001 4146 28
1035 4096 1115 4146 διὰ
1148 4095 1324 4156 τάξεως
1346 4095 1432 4146 Cr.

376 4263 425 4317 7.
491 4252 714 4304 mortalis
720 4251 772 4317 fi
798 4269 838 4304 e.
851 4259 950 4318 per
955 4252 1109 4318 peta]
1177 4252 1275 4305 See
1300 4268 1351 4318 p.
1381 4262 1462 4315 25,
1566 4265 1733 4302 scures
1753 4250 1840 4300 the
1857 4265 2033 4310 sense3
2064 4265 2148 4300 see
2166 4249 2270 4300 Gk.
2348 4249 2461 4300 The
2482 4242 2725 4315 difficulty'

309 4334 344 4386 l.
380 4344 458 4397 17,
479 4329 616 4385 note.
1568 4332 1628 4381 of
1642 4331 1728 4381 the
1748 4337 1980 4380 sentence
2002 4330 2055 4379 in
2076 4332 2140 4380 its
2163 4329 2311 4379 Latin
2338 4330 2476 4380 dress
2496 4329 2539 4380 is
2562 4330 2726 4395 partly

376 4417 421 4467 8.
473 4423 706 4480 praesens
724 4430 825 4466 τισι.
848 4414 958 4465 uita
978 4414 1175 4466 instans
1194 4414 1270 4477 τι]
1324 4415 1473 4465 [dest
1568 4414 1737 4478 owing
1773 4420 1829 4463 to
1863 4412 1950 4462 the
1984 4427 2073 4464 use
2101 4411 2160 4461 of
2192 4426 2290 4463 one
2323 4412 2475 4464 Latin
2500 4414 2641 4464 word
2672 4419 2727 4464 to

315 4497 417 4558 (see
442 4513 521 4549 vv.
549 4497 630 4557 11.)
664 4497 708 4548 is
739 4512 805 4548 an
837 4496 1048 4548 obvious
1079 4496 1216 4560 gloss
1246 4497 1346 4547 and
1380 4496 1468 4546 ob·
1571 4510 1771 4561 express
1792 4494 1896 4557 βίος
1918 4495 2017 4545 and
2042 4495 2153 4558 ζωή.
