3293 5233
363 418 475 483 IV.
510 418 636 503 24]
1163 430 1245 480 IN
1295 431 1397 480 ΕΡ.
1446 430 1548 481 AD
1594 430 1947 483 GALATAS.
2686 430 2767 497 73

360 597 522 663 dicit
568 598 884 681 quoniam
931 597 1277 663 Abraham
1331 598 1492 662 duos
1524 599 1713 683 filios
1749 598 1994 675 habuit,
2032 618 2235 661 unum
2286 595 2366 660 de
2407 593 2664 671 ancilla,
2711 603 2776 659 et

362 721 565 764 unum
594 701 674 763 de
699 700 918 765 libera.
992 700 1110 764 sed
1147 701 1258 763 ille
1297 701 1554 783 quidem
1596 703 1714 784 qui
1746 702 1825 764 de
1851 700 2111 779 ancilla,
2140 700 2483 764 secundum
2513 719 2770 763 carnem

363 813 558 867 uatus
585 813 694 867 est.
761 803 887 867 hoc
936 813 1055 880 est,
1089 804 1376 867 naturali
1424 806 1776 886 sequentia
1825 814 2022 868 natus
2072 812 2214 880 est;
2260 803 2354 867 sic
2403 802 2768 881 nominanS,

360 907 701 971 secundum
752 929 1024 983 carnem,
1081 908 1400 990 quoniam
1452 916 1520 972 et
1570 908 1750 972 carni
1801 907 1993 971 adest
2042 907 2409 971 secundum
2461 915 2767 971 naturam

363 1022 607 1094 partus
699 1020 767 1075 et
802 1011 1093 1075 Ismahel
1157 1011 1442 1075 naturali
1509 1011 1859 1094 sequentia
1919 1012 2133 1075 carnis
2194 1021 2390 1075 natus
2445 1019 2566 1088 est,
2626 1013 2767 1076 siue
2842 1030 2874 1096 5

362 1115 725 1178 secundum
761 1114 1127 1189 Abraham,
1160 1116 1300 1178 siue
1330 1116 1696 1179 secundum
1730 1114 1932 1198 Agar.
1996 1136 2150 1179 nam
2185 1117 2296 1180 ille
2320 1117 2437 1199 qui
2463 1116 2542 1179 de
2567 1116 2770 1180 libera

362 1228 559 1285 natus
605 1228 700 1282 est
746 1220 1090 1283 secundum
1124 1219 1620 1301 promissionem
1670 1229 1866 1282 natus
1911 1229 2018 1297 est,
2065 1220 2191 1284 hoc
2232 1228 2350 1297 est,
2399 1221 2767 1284 secundum

362 1321 665 1403 gratiam.
724 1321 940 1385 omnis
983 1323 1160 1384 enim
1203 1322 1553 1404 promissio
1590 1342 1711 1404 per
1739 1322 2026 1405 gratiam
2069 1322 2244 1388 solet
2290 1322 2446 1386 fieri.
2535 1322 2769 1387 ordine

363 1423 540 1487 enim
586 1432 860 1486 naturae
910 1423 1099 1487 Isaac
1144 1444 1567 1506 nequaquam
1619 1422 1821 1488 fuisse
1867 1434 2064 1488 natus
2127 1424 2384 1500 dicitur,
2448 1445 2527 1487 eo
2581 1425 2764 1506 quod

365 1523 566 1588 Sarra
604 1524 852 1607 duplici
885 1526 1138 1589 ratione
1175 1526 1370 1589 edere
1407 1535 1674 1608 partum
1707 1546 1837 1590 non
1871 1534 2152 1609 poterat.
2242 1535 2384 1590 erat
2425 1526 2600 1589 enim
2636 1547 2767 1590 una
2805 1553 2881 1600 10

364 1627 584 1708 passio
637 1628 1023 1704 sterilitatiS,
1076 1638 1142 1692 et
1196 1627 1328 1693 alia
1379 1649 1552 1714 quae
1599 1627 1783 1691 illam
1831 1628 1920 1691 ob
1970 1627 2496 1709 longaeuitatem
2545 1628 2767 1711 prohi-

363 1729 566 1793 bebat
611 1752 857 1815 parere.
947 1740 1015 1795 et
1079 1732 1220 1814 ipse
1265 1730 1613 1794 Abraham
1662 1740 1886 1795 aetate
1948 1731 2308 1795 senectutis
2356 1731 2571 1796 fuerat
2617 1755 2769 1816 pro-

365 1832 614 1895 uectior
657 1833 944 1897 effectus.
1034 1834 1152 1899 sed
1187 1844 1381 1896 natus
1414 1843 1515 1897 est
1546 1843 1812 1916 praeter
1842 1854 2114 1897 omnem
2147 1854 2335 1917 spem
2380 1844 2448 1898 et
2491 1845 2766 1899 naturae

361 1937 793 2017 sequentiam,
847 1947 1119 2020 propter
1175 1936 1387 2001 solam
1468 1938 1924 2020 promittentis
2009 1937 2325 2001 uirtutem
2396 1938 2644 2021 pariter
2701 1947 2771 2003 et

277 2094 283 2101 .
363 2037 847 2103 liberalitatem.
938 2041 1031 2104 sic
1084 2049 1152 2103 et
1206 2039 1320 2102 illa
1373 2060 1546 2125 quae
1598 2040 1966 2103 secundum
2029 2039 2380 2105 Abraham
2456 2051 2613 2106 sunt
2671 2063 2769 2105 re·
2807 2068 2875 2137 15

365 2139 594 2216 serem,
657 2143 1021 2204 secundum
1084 2150 1157 2207 ut
1218 2151 1286 2204 et
1366 2144 1432 2205 in
1511 2142 1754 2205 diuinis
1834 2143 2174 2225 scripturis
2234 2143 2553 2225 scriptum
2624 2164 2769 2207 esse

364 2241 642 2319 uidetur,
697 2244 1049 2306 ostendere
1095 2265 1252 2306 uero
1297 2244 1569 2326 cupiens
1617 2266 1751 2326 qua
1796 2245 1881 2308 de
1922 2265 2124 2310 causa
2175 2244 2303 2308 illis
2358 2244 2446 2309 sit
2500 2246 2767 2323 abusuS,

364 2346 604 2410 adicit:

490 2517 653 2580 quae
676 2508 836 2560 sunt
845 2510 972 2581 per
996 2499 1378 2582 allegoriam
1409 2499 1599 2564 dicta.

493 2628 607 2709 qui
660 2627 956 2691 studium
1006 2628 1291 2692 multum
1341 2628 1595 2693 habent
1638 2631 2073 2694 interuertere
2118 2650 2351 2694 sensus
2393 2631 2769 2695 diuinarum
2803 2656 2887 2704 20

359 2730 829 2813 scripturarum
862 2742 929 2796 et
961 2732 1187 2795 omnia
1220 2754 1392 2814 quae
1431 2733 1585 2795 illuc
1623 2735 1845 2815 posita
1882 2743 2038 2796 sunt
2077 2735 2483 2817 intercipere,
2517 2732 2772 2797 fabulas

363 2854 519 2898 uero
571 2837 898 2917 quasdam
951 2837 1211 2919 ineptas
1264 2858 1352 2899 ex
1409 2857 1481 2900 se
1534 2836 1930 2917 confingere,
1992 2846 2060 2900 et
2114 2836 2470 2918 allegoriae
2528 2856 2771 2900 nomen

363 2957 520 2999 suae
557 2958 806 3019 ponere
842 2937 1315 3020 desipientiae;
1369 2938 1540 3001 hanc
1577 2959 1813 3000 uocem
1851 2936 2136 3020 apostoli
2176 2937 2548 3013 abutenteS,
2583 2940 2772 3019 quasi

363 3039 475 3119 qui
531 3039 681 3102 hinc
736 3042 1087 3105 uideantur
1138 3041 1498 3122 sumpsisse
1560 3048 1966 3120 potestatem
2028 3048 2131 3101 ut·
2163 3047 2229 3101 et
2287 3059 2519 3101 omnes
2580 3038 2776 3101 intel-

363 3138 571 3204 lectus
646 3142 912 3205 diuinae
985 3142 1434 3205 exterminent
1526 3143 1906 3222 scripturae,
1993 3161 2073 3204 eo
2148 3140 2328 3222 quod
2408 3139 2773 3203 secundum
2804 3173 2881 3239 25

364 3242 744 3323 apostolum
788 3254 916 3325 per
968 3244 1347 3326 allegoriam
1400 3245 1618 3307 dicere
1686 3245 2002 3319 nituntur,
2066 3252 2137 3305 et
2197 3240 2321 3324 ipsi
2382 3261 2516 3304 non
2579 3242 2774 3304 intel-

364 3345 662 3429 legentes
714 3357 1041 3430 quantum
1094 3347 1313 3411 differt
1365 3348 1544 3429 quod
1601 3346 1690 3410 ab
1739 3345 1867 3407 illis
1922 3354 1989 3408 et
2042 3345 2130 3408 ab
2183 3343 2491 3427 apostolo
2536 3344 2663 3407 hoc
2709 3345 2776 3407 in

365 3447 513 3515 loco
548 3453 802 3517 dictum
840 3454 942 3517 sit.
1032 3450 1373 3535 apostolus
1412 3451 1590 3514 enim
1629 3471 1763 3513 non
1802 3451 2119 3513 interimit
2159 3449 2522 3525 historiam,
2562 3470 2778 3532 neque

461 3650 493 3694 4
527 3630 579 3679 id
603 3637 676 3679 est
701 3629 813 3692 (sor
832 3629 991 3688 adest)
1017 3629 1084 3677 H
1211 3643 1284 3690 ιι,
1318 3643 1373 3678 12
1411 3643 1517 3692 par.
1542 3627 1685 3692 proh.
1720 3628 1764 3676 C
1890 3640 1945 3690 15
1982 3635 2030 3678 et
2057 3629 2155 3694 (ast
2174 3628 2263 3690 sic)
2286 3644 2366 3678 om
2395 3630 2438 3679 C
2547 3645 2609 3693 24
2642 3628 2779 3681 uide·

364 3721 473 3762 atur
502 3712 545 3761 C
574 3712 637 3760 H
697 3711 798 3760 uid.
823 3725 1007 3773 sumpS.
1034 3710 1134 3759 uid.
1167 3710 1233 3758 H

430 3889 511 3941 26.
568 3890 984 3954 perallegoriam]
1018 3891 1094 3939 Dr
1119 3891 1252 3939 Hort
1279 3890 1527 3953 (Journal
1622 3893 1865 3952 νοούμενα·
1913 3894 1967 3942 οὗ
2017 3892 2133 3957 ’γὰρ
2174 3888 2280 3952 τήν
2319 3892 2583 3955 ἱστορίαν
2629 3890 2780 3942 cire?-

363 3973 714 4036 ofPMlology,
751 3985 825 4020 1v.
853 3974 953 4021 No.
979 3973 1061 4021 xii.
1090 3976 1116 4033 ἓ
1143 3975 1225 4033 7):
1267 3972 1521 4021 “fortasse
1621 3978 1743 4024 λεν.
1811 3973 1966 4025 ἀλλὰ
1999 3976 2072 4024 rei
2104 3978 2161 4024 ἐν
2193 3975 2265 4038 τῇ
2297 3977 2531 4038 ἱστορίᾳ
2565 3993 2780 4037 προτυ-

365 4056 676 4105 addendum:
721 4056 843 4104 haec
877 4056 1012 4104 dicta
1056 4063 1185 4110 sunt,
1221 4055 1391 4103 omnia
1434 4070 1523 4118 per
1623 4056 1895 4103 ’σωθέντα
1931 4057 2211 4104 διδάσκει.
2289 4055 2366 4104 Cf.
2399 4056 2602 4118 Chrys:
2633 4070 2780 4102 κατα-

364 4136 707 4201 allegoriam.''
797 4138 894 4186 But
938 4138 1023 4187 the
1070 4139 1224 4186 MSS.
1271 4137 1408 4186 shew
1456 4153 1522 4186 no
1623 4140 1894 4196 χρηστικῶς
1923 4140 2019 4187 τὸν
2047 4141 2225 4186 τύπον
2254 4140 2620 4199 ἀλληγορίαν
2653 4141 2781 4188 ἑκά.-

366 4229 523 4268 traces
561 4219 619 4268 of
648 4234 713 4266 an
753 4219 1005 4277 omission,
1044 4219 1143 4266 and
1179 4219 1262 4267 the
1302 4235 1443 4267 sense
1482 4218 1522 4267 is
1622 4221 1817 4268 λεσεν*
1865 4222 1891 4269 δ
1938 4222 1989 4269 δὲ
2034 4223 2184 4279 λέγει,
2232 4220 2371 4267 τοῦτό
2417 4221 2570 4267 ἐστιν·
2619 4219 2650 4278 ἡ
2691 4221 2781 4277 μὲν

367 4300 614 4364 complete
645 4316 700 4348 as
731 4299 812 4347 the
838 4300 998 4348 words
1022 4300 1164 4347 stand
1190 4317 1204 4356 ;
1238 4317 1287 4348 eo
1319 4302 1517 4364 quod...
1626 4303 1811 4363 ἱστορία
1856 4304 1978 4361 αὕτη
2023 4306 2075 4351 οὐ
2120 4304 2261 4350 τοῦτο
2316 4302 2456 4359 μόνον
2512 4303 2787 4362 παραδηλοῖ

367 4383 606 4431 m'tuntur
627 4380 851 4444 explains
873 4381 1018 4443 quasi
1037 4381 1137 4442 qui,
1168 4381 1258 4430 διε.
1623 4382 1744 4443 ὅπερ
1768 4384 2004 4442 φαίνεται,
2029 4382 2159 4428 ἀλλὰ
2185 4383 2262 4427 καὶ
2292 4383 2422 4427 ἄλλα
2453 4383 2557 4427 τινὰ
2593 4381 2779 4440 ἀπα-γο-

432 4462 510 4512 28.
559 4469 640 4524 ap.
663 4477 703 4508 e.
731 4475 828 4506 non
851 4460 1089 4507 interimit
1111 4459 1389 4519 historiam]
1453 4459 1523 4507 So
1622 4465 1764 4521 ρεύει.
1835 4463 2128 4510 Severianus
2164 4465 2263 4524 (ap.
2305 4464 2386 4508 Cr.
2426 4462 2487 4510 vi.
2532 4478 2579 4525 p.
2624 4463 2700 4524 70)
2742 4464 2783 4512 is

366 4543 542 4593 'l'hdt.:
568 4541 982 4602 ἀλληγορούμενα·
1019 4538 1124 4589 ἀντὶ
1148 4541 1231 4590 τοῦ
1253 4544 1332 4591 καὶ
1354 4542 1523 4604 ἑτέρως
1625 4560 1750 4594 even
1775 4561 1910 4595 more
1934 4546 2136 4609 explicit
2157 4563 2169 4594 τ
2206 4547 2284 4593 νῦν
2312 4546 2380 4606 τῷ
2416 4546 2610 4603 ὀνόματι
2645 4561 2781 4593 κατε·
