3293 5233
357 375 434 439 V.
473 393 528 459 5,
558 379 643 463 6.]
1171 396 1254 447 m
1302 396 1407 450 ΕΡ.
1453 399 1555 449 AD
1601 398 1953 452 GALATAS.
2687 392 2773 470 89

357 562 644 629 iudicem
695 565 933 649 ipsum,
989 589 1141 634 cum
1190 569 1530 635 uindicare
1576 571 1927 637 ueritatem
1981 581 2248 656 tempus
2293 573 2656 654 inuenerit3
2701 578 2806 638 et'

358 669 517 749 quia
568 669 732 734 nihil
781 693 1011 735 eorum
1059 694 1232 756 quae
1280 675 1649 738 secundum
1696 695 1778 739 se
1819 684 2008 740 erant
2048 676 2313 759 reliquit
2354 677 2420 741 in
2468 686 2769 761 tempore

359 769 729 848 uiolentiae,
764 793 980 856 neque
1020 775 1364 856 adquieuit
1409 775 1542 840 illis
1587 796 1762 860 quae
1809 797 1942 841 non
1975 778 2146 841 bene
2191 777 2477 858 fiebant3
2525 800 2563 843 e
2611 800 2769 844 con-

357 874 559 937 trario
591 896 748 939 uero
780 884 847 939 et
879 878 1292 941 contradixit
1324 887 1393 942 et
1423 887 1840 945 contestatus
1881 890 2001 957 est,
2033 879 2305 964 litigans
2346 902 2470 964 pro
2502 882 2767 946 uirtutis

356 997 517 1041 suae
576 981 1038 1062 possibilitate.
1125 982 1362 1049 talium
1424 983 1602 1048 enim
1665 985 2008 1067 proprium
2069 994 2171 1049 est
2232 994 2307 1048 ut
2366 986 2594 1049 omnia
2654 985 2768 1050 illa
2840 1002 2870 1067 5

358 1079 587 1145 dicant
630 1102 816 1164 quae·
847 1094 1230 1166 competere
1274 1085 1411 1148 suis
1453 1087 1758 1168 partibus
1805 1086 2218 1161 existimant,
2266 1094 2335 1149 et
2389 1084 2768 1168 frequenter

355 1181 574 1246 dicere
620 1183 737 1247 illa
780 1193 848 1248 et
893 1187 1385 1268 compendiose,
1432 1189 1605 1252 sicut
1656 1197 1723 1251 et
1771 1186 1897 1250 hoc
1948 1188 2015 1249 in
2060 1186 2208 1251 loco
2248 1186 2490 1250 Paulus
2532 1187 2766 1251 fecisse

358 1285 635 1357 uidetur.
730 1288 1021 1372 denique
1069 1300 1462 1373 postquam‘
1491 1292 1713 1374 arguit
1772 1290 2101 1357 malitiam
2164 1300 2353 1354 actus
2415 1311 2660 1366 eorum,
2723 1312 2762 1354 e

251 1455 255 1459 ,
355 1389 683 1452 contrario
736 1393 939 1455 etiam
992 1414 1113 1455 sua
1163 1395 1658 1476 posuit—quod
1722 1401 1789 1456 et
1845 1391 1974 1456 hoc
2029 1393 2222 1475 ipsud
2274 1394 2615 1476 proprium
2663 1405 2765 1455 est

356 1488 618 1552 illorum
653 1493 765 1573 qui
797 1503 1293 1558 contestantur:
2801 1515 2877 1560 10

483 1656 599 1698 nos
624 1636 794 1702 euim
830 1638 1095 1722 Spiritu
1122 1663 1200 1705 ex
1201 1641 1347 1725 fide
1375 1654 1541 1724 spem
1576 1641 1868 1706 iustitiae
1894 1652 2301 1725 expectamus.

484 1762 914 1831 solummodo
945 1768 1104 1850 quia
1149 1790 1282 1833 non
1328 1769 1574 1833 clamat
1619 1778 1687 1832 et
1730 1769 1892 1834 dicit
1930 1771 2247 1853 quoniam
2292 1771 2494 1833 ‘nihil
2527 1771 2764 1836 horum

357 1876 656 1931 nostrum
709 1877 840 1948 est3
902 1872 1153 1935 nullam
1205 1893 1355 1936 cum
1413 1875 1554 1936 istis
1605 1872 1928 1937 habemus
1988 1874 2549 1938 communionem.
2639 1896 2762 1939 nos

355 1970 691 2034 iustificari
752 1993 1100 2057 speramus
1159 1998 1280 2060 per
1340 1977 1565 2052 fidem,
1622 1978 1913 2059 Spiritus
1972 1986 2414 2060 expectantes
2444 1979 2759 2061 ‘gratiam

354 2096 472 2158 per
521 2100 723 2162 quam
780 2090 847 2144 et
892 2081 1256 2163 perfectam
1312 2081 1643 2145 bonorum
1689 2081 2270 2165 participationem
2317 2080 2763 2164 adquirimus!
2801 2104 2866 2169 15

353 2190 420 2243 et
451 2181 669 2246 adhuc
699 2183 801 2247 his
830 2205 952 2247 sua
980 2194 1420 2248 connectens:

481 2332 551 2395 in
606 2332 862 2399 Christo
915 2335 1186 2417 (inquit)
1241 2335 1390 2398 Iesu
1442 2356 1639 2418 neque
1681 2334 2078 2400 circumcis-io
2126 2334 2296 2418 quid
2335 2336 2523 2414 ualet,
2572 2356 2768 2418 neque

337 2438 750 2518 praeputium
769 2458 800 2510 ‚·
850 2438 968 2501 sed
974 2438 1149 2521 fides
1182 2437 1392 2521 [quae]
1411 2448 1538 2518 per
1563 2439 1901 2502 caritatem
1930 2439 2317 2521 inoperatur.

395 2594 402 2597 ·
484 2565 689 2629 ‘talia
740 2576 894 2630 sunt
950 2566 1064 2630 illa
1128 2587 1303 2648 quae
1355 2551 1726 2631 secundum
1779 2566 2119 2632 Christum
2166 2576 2322 2632 sunt
2369 2568 2462 2631 ita
2510 2576 2582 2632 ut
2628 2587 2758 2631 non

351 2667 415 2728 in
477 2667 986 2743 circumcisione,
1043 2688 1175 2731 non
1231 2669 1300 2731 in
1362 2669 1714 2752 praeputio
1776 2671 2020 2732 ueritas
2081 2671 2166 2732 sit
2216 2669 2508 2733 definita.
2592 2669 2759 2733 fides
2790 2685 2874 2732 20

349 2771 526 2832 enim
581 2781 683 2834 est
727 2772 904 2851 apud
957 2791 1078 2834 nos
1127 2792 1303 2854 quae
1346 2774 1575 2835 omnia
1627 2771 1907 2855 implet3
1975 2793 2179 2855 quam
2237 2773 2438 2837 etiam
2493 2782 2561 2837 et
2603 2780 2760 2856 erga

351 2873 464 2936 illa
525 2894 697 2956 quae
742 2883 1188 2955 expectantur
1231 2885 1754 2956 consequentem
1814 2875 1988 2938 illius
2042 2876 2385 2957 promissis
2447 2878 2761 2940 conuenit

348 2977 811 3052 demonstrari,
841 2977 909 3039 in
941 2978 1220 3041 caritate
1249 2978 1618 3061 perfectam
1653 2978 1857 3041 fidem
1905 2977 2319 3042 exhibentes,
2410 2980 2757 3042 caritatem

348 3092 573 3145 autem
606 3081 767 3145 dicit
801 3080 982 3144 illam
1023 3102 1197 3164 quae
1227 3102 1386 3164 erga
1434 3082 1658 3145 Deum
1703 3091 1805 3145 est
1841 3089 1909 3144 et
1952 3101 2109 3164 erga
2148 3081 2554 3164 proximum.
2646 3082 2758 3163 qui

349 3186 525 3249 enim
558 3183 840 3248 credidit
873 3205 1004 3248 non
1037 3185 1346 3248 absoluta
1387 3184 1679 3266 quadam
1730 3184 2116 3259 intentione,
2146 3185 2264 3247 sed
2315 3204 2465 3246 cum
2497 3184 2759 3248 anImae
2788 3202 2822 3247 2
2834 3200 2864 3265 5

349 3307 508 3350 suae
580 3286 913 3361 firmitate,
975 3286 1148 3349 sicut
1220 3295 1288 3349 et
1350 3296 1450 3349 est
1511 3287 1781 3349 credere
1841 3287 2264 3362 conuenienS,
2328 3286 2601 3350 euidens
2661 3295 2762 3349 est

346 3390 663 3473 quoniam
724 3399 790 3453 et
851 3388 1126 3471 diligere
1186 3408 1338 3452 eum
1412 3389 1745 3453 adceleret
1799 3399 2037 3472 utpote
2082 3389 2381 3452 omnium
2431 3391 2757 3456 bonorum

349 3494 539 3557 nobis
571 3492 991 3556 conlatorum
1024 3502 1406 3569 auctorem;
1456 3512 1576 3556 nec
1613 3512 1747 3555 non
1773 3502 1841 3556 et
1873 3492 2258 3575 proximum
2297 3493 2551 3575 diligat.
2602 3515 2757 3559 nam

449 3648 468 3682 1
509 3633 602 3698 ipsi
642 3634 685 3683 C
700 3652 712 3683 :
745 3650 823 3683 om
844 3634 913 3682 H
1038 3644 1064 3696 7
1098 3633 1195 3682 hoc
1234 3649 1310 3681 om
1350 3632 1440 3681 H*
1590 3647 1621 3696 9
1658 3634 1819 3697 ipsum
1848 3634 1891 3683 C
1913 3633 2060 3694 (corr)
2087 3633 2151 3682 H
2280 3648 2331 3681 11
2372 3633 2614 3697 Spiritum
2643 3635 2686 3683 C
2704 3635 2772 3683 H

353 3728 406 3764 η
442 3716 722 3765 conclamat
759 3716 874 3778 (for
906 3731 1008 3765 non
1045 3716 1246 3775 clamat)
1292 3716 1335 3764 C
1369 3714 1514 3774 (corr)
1550 3713 1556 3776 Ι
1585 3715 1719 3764 dicat
1756 3715 1823 3764 fl
2212 3728 2267 3776 17
2302 3714 2491 3778 aliquid
2522 3716 2588 3764 H
2613 3717 2761 3776 (corr)

353 3798 410 3845 18
444 3813 573 3861 quae
595 3813 672 3846 om
701 3798 743 3845 C
750 3796 778 3820 ⁴*
803 3796 872 3845 II
1158 3813 1182 3845 2
1192 3812 1219 3859 3
1255 3796 1305 3845 in
1329 3796 1585 3845 caritatem
1610 3796 1880 3859 perfectam
1910 3794 1980 3843 C*
2007 3794 2056 3842 in
2081 3794 2284 3843 caritate
2306 3795 2524 3858 perfecta
2552 3797 2594 3843 C
2609 3796 2758 3859 (corr)

347 3894 408 3940 ‘²4
443 3878 695 3942 proximos
722 3877 837 3941 (jbr
856 3894 973 3942 erga
995 3877 1294 3943 proximum)
1321 3879 1387 3926 H
1630 3875 1694 3926 26
1728 3877 1935 3941 dignum
1961 3875 2068 3939 (begs
2076 3883 2150 3924 est
2175 3876 2334 3936 cred.)
2358 3877 2463 3924 add
2483 3877 2528 3925 C
2547 3877 2691 3940 (corr)
2726 3876 2735 3940 Ι

345 3970 394 4009 et
420 3960 527 4025 (ast.
558 3963 791 4020 conuen.)
816 3961 921 4008 add
941 3963 986 4011 C
1166 3963 1226 4010 28
1261 3959 1424 4023 diligit
1453 3960 1496 4009 C

416 4105 488 4141 12.
525 4090 822 4138 solummodo
841 4089 960 4152 quia
982 4105 1083 4138 non
1105 4089 1310 4150 clamat]
1339 4107 1500 4148 μονον·
1603 4087 1850 4152 probably
1887 4088 1985 4137 due
2022 4093 2074 4136 to
2107 4086 2347 4146 accident,
2386 4102 2445 4135 or
2479 4095 2531 4136 to
2566 4087 2652 4137 the
2687 4088 2758 4137 in·

344 4172 454 4232 ουχὶ
476 4170 660 4233 κράζων
678 4185 717 4218 s.
748 4170 893 4230 βοῶν.
1603 4171 1787 4219 sertion
1812 4170 1870 4219 of
1884 4169 2066 4233 inquit.

417 4264 491 4314 17.
557 4252 615 4299 in
654 4250 987 4311 Christo...l.]
1035 4251 1204 4314 vulg„
1251 4254 1417 4299 “nam
1451 4251 1503 4298 in
1670 4266 1750 4312 23.
1807 4250 1862 4298 in
1901 4249 2104 4297 can‘tate
2131 4247 2393 4311 perfidam
2412 4245 2592 4310 fidem]
2671 4248 2752 4300 Cf.

344 4329 464 4378 Chr.
508 4327 586 4378 1.”
653 4330 755 4390 Γάρ
787 4328 830 4377 is
863 4330 1086 4393 wanting
1120 4330 1170 4378 in
1204 4345 1235 4378 a
1269 4329 1362 4378 few
1399 4329 1501 4378 Gk.
1606 4331 1660 4381 S.
1696 4332 1865 4395 james
1899 4331 1951 4377 ii.
1992 4342 2086 4377 22:
2126 4325 2179 4376 ἐκ
2212 4330 2308 4376 τῶν
2341 4329 2498 4390 ἔργων
2525 4327 2556 4386 ἡ
2596 4330 2759 4380 πίστις

345 4414 398 4461 M
407 4415 499 4462 SS.
521 4411 736 4472 (Tisch.⁸
753 4412 826 4459 ad
840 4412 892 4458 h.
916 4410 974 4469 l.)
995 4429 1010 4471 3
1045 4413 1132 4462 but
1158 4414 1244 4461 the
1265 4412 1501 4460 omission
1602 4413 1875 4470 ἐτελειώθη.
1912 4406 2753 4473 Βειιιοηείνανί-εἅποδείξασθαιῼ).

344 4494 400 4542 of
439 4494 524 4544 the
562 4492 881 4556 conjunction
931 4494 994 4557 by
1032 4510 1121 4542 our
1162 4494 1425 4542 translator
1461 4493 1500 4540 is
1607 4493 1667 4541 In
1694 4492 1776 4542 the
1801 4500 1916 4541 next
1943 4506 2069 4555 page
2096 4491 2147 4553 (1.
2185 4493 2262 4554 14)
2287 4491 2323 4542 it
2348 4492 2389 4541 is
2411 4492 2618 4556 passive.
