3293 5233
350 416 438 481 11.
474 416 557 501 8.]

1062 429 1144 481 IN
1195 429 1299 482 ΕΡ.
1345 429 1448 482 ΑΙ)
1496 431 2045 484 PHILIPPENSES.

2635 431 2754 481 221

345 597 508 661 illud
562 597 778 663 lucros
825 596 1138 663 conferre.
1218 609 1286 663 et
1325 598 1455 664 hoc
1493 621 1582 664 ex
1630 601 1747 665 illo
1793 600 2131 685 exemplo,
2170 600 2350 684 quod
2397 596 2764 664 secundum

348 698 685 764 Christum
738 710 857 778 est,
911 699 1299 780 confirmat3
1359 702 1803 767 conueniebat
1862 702 2040 766 enim
2095 702 2182 766 ad
2231 701 2551 765 maiorem
2605 699 2765 762 doc-

344 802 586 867 trinam
639 803 821 868 omni
872 824 961 867 ex
1015 812 1205 887 parte
1250 805 1478 887 augeri
1526 805 1937 888 exemplum.
2026 802 2645 888 quemadmodum?
2706 800 2763 864 si

342 914 520 976 enim
572 914 841 978 deitatis
887 913 1092 978 solius
1145 914 1407 980 fecisset
1467 918 1894 993 mentionem,
1954 916 2355 980 sufficienter
2411 914 2763 979 ostendere

343 1026 622 1098 poterat,
671 1017 852 1101 quod
902 1017 1098 1081 ualde
1151 1020 1505 1083 conueniat
1556 1020 1837 1084 humilia
1883 1041 2153 1103 sapere;
2203 1020 2453 1084 etenim
2499 1028 2762 1084 tantum

341 1118 639 1182 diuinam
702 1128 1007 1183 naturam
1067 1122 1466 1186 ostendebat
1519 1121 1896 1186 humilitate
1943 1143 2082 1185 rem
2129 1122 2543 1198 efficientem,
2591 1141 2764 1203 quae

346 1222 631 1286 multum
678 1244 719 1287 a
763 1242 884 1287 sua
927 1222 1258 1304 dignitate
1304 1223 1550 1289 distare
1597 1224 1963 1289 uidebatur.

2067 1245 2222 1289 nam
2268 1225 2425 1309 quia
2473 1234 2616 1288 erat
2662 1244 2764 1287 res

346 1325 491 1405 ipsa
535 1323 760 1406 agenti
805 1323 1129 1388 lucratiua
1172 1326 1523 1390 ostendere
1568 1326 1959 1391 nullomodo
2004 1336 2285 1410 poterat,
2317 1348 2399 1390 eo
2428 1325 2610 1410 quod
2643 1345 2765 1389 nec

344 1436 608 1509 poterat
652 1425 1088 1509 comprobare
1134 1425 1384 1510 aliquid
1428 1428 1582 1493 hinc
1624 1429 1809 1494 illam
1847 1440 2154 1495 naturam
2197 1431 2492 1514 potuisse
2531 1430 2767 1513 adqui-

345 1551 499 1595 rere.
589 1530 643 1593 si
691 1538 914 1594 autem
960 1530 1324 1594 humanam
1370 1541 1676 1596 naturam
1723 1532 2194 1598 tantummodo
2235 1533 2467 1597 suisset
2507 1553 2760 1597 memo·
2799 1547 2878 1596 10

346 1641 545 1706 ratus,
605 1630 999 1698 lucratiuam
1047 1651 1186 1696 rem
1239 1654 1383 1696 esse
1442 1634 1531 1698 ab
1592 1634 1720 1698 illis
1773 1656 1946 1719 quae
2005 1636 2065 1699 ei
2120 1636 2458 1719 adquisita
2506 1633 2767 1698 fuerant

345 1733 785 1812 ostendebat;
860 1734 1041 1818 quod
1103 1755 1260 1798 uero
1320 1737 1677 1800 conueniat
1743 1737 2018 1801 humilia
2078 1757 2312 1820 sapere
2359 1757 2510 1801 cum
2565 1736 2764 1800 simili

347 1833 674 1917 dignitate
703 1834 859 1899 hinc
891 1856 1024 1898 uon
1056 1837 1299 1919 poterit
1330 1838 1738 1903 confirmare.
1828 1859 1984 1902 nam
2027 1849 2093 1902 et
2127 1838 2289 1903 illud
2336 1837 2516 1922 quod
2549 1838 2766 1902 dixit:

327 1939 562 2022 factus
602 1940 925 2004 oboediens
957 1960 1152 2022 usque
1192 1940 1288 2003 ad
1325 1951 1610 2017 mortem,
1640 1942 1896 2006 homini
1940 1951 2247 2026 aptatum
2294 1942 2457 2006 nihil
2500 1950 2767 2026 poterat

347 2047 606 2110 illorum
661 2065 832 2128 quae
879 2045 967 2108 ad
1016 2044 1461 2109 humilitatem
1510 2046 1845 2129 pertinent
1893 2045 2343 2129 comprobare,
2393 2045 2446 2108 si
2502 2066 2636 2109 non
2696 2054 2766 2111 et
2801 2062 2872 2129 15

347 2149 577 2211 diuina
617 2155 854 2210 natura
899 2148 1111 2210 inesse
1148 2146 1207 2211 ei
1246 2147 1476 2212 fuisset
1517 2158 1802 2224 ostensa,
1834 2168 1955 2230 per
1988 2167 2190 2230 quam
2233 2146 2476 2211 licebat
2517 2157 2585 2211 et
2614 2147 2767 2212 huic

349 2271 482 2314 non
513 2250 720 2314 subici
756 2249 971 2314 morti.

1062 2270 1217 2314 nam
1251 2250 1613 2314 secundum
1662 2271 1733 2313 se
1777 2270 1910 2313 non
1952 2248 2398 2313 oboeditionis
2435 2269 2604 2331 opus
2645 2248 2768 2311 im-

346 2353 577 2438 plebat
614 2353 811 2416 morti
860 2353 1343 2432 subcumbens;
1400 2355 1776 2418 sustinebat
1827 2354 2004 2417 enim
2055 2362 2339 2417 mortem
2393 2363 2462 2417 et
2512 2352 2767 2431 nolens,

346 2455 711 2520 secundum
761 2455 1013 2518 dudum
1056 2457 1348 2537 positum
1398 2456 1758 2520 terminum
1805 2466 2098 2520 naturae.
2140 2462 2144 2466 ’
2190 2456 2550 2539 prudenter
2589 2476 2764 2533 uer0,

345 2556 518 2620 sicut
548 2555 709 2633 dixi,
744 2557 932 2640 quasi
976 2557 1040 2619 in
1075 2577 1208 2621 una
1245 2578 1530 2641 persona
1572 2559 1803 2624 omnia
1836 2557 2074 2636 retulit,
2108 2558 2430 2642 colligens
2461 2557 2527 2622 in
2560 2577 2766 2623 unum
2797 2576 2883 2626 20

349 2661 464 2726 illa
540 2682 712 2744 quae
787 2661 1030 2725 uirtute
1103 2662 1365 2726 differre
1440 2662 1857 2737 uidebantur,
1934 2661 2300 2725 secundum
2381 2671 2767 2726 naturarum

346 2763 760 2838 diuisionem,
823 2764 917 2825 ita
976 2772 1050 2826 ut
1108 2785 1199 2826 ex
1259 2773 1541 2846 utroque
1601 2764 1783 2847 quod
1849 2763 2010 2827 utile
2070 2772 2210 2825 erat
2271 2763 2630 2827 deduceret
2679 2764 2766 2827 ad

452 2902 979 2968 1lucrarlexomr

348 3006 454 3040 rem
477 2990 694 3040 efficiens
723 2991 765 3038 C
785 2990 851 3038 H
864 3005 897 3036 r

350 3079 432 3119 txt
450 3070 576 3134 conj.
602 3070 775 3134 Jacobi
799 3069 806 3133 Ι
838 3074 1034 3133 poterat
1063 3085 1095 3116 r
1119 3065 1129 3131 Ι
1159 3075 1208 3116 et
1229 3083 1307 3115 om
1331 3068 1397 3116 H
1396 3067 1424 3092 ¹*

419 3295 465 3346 7.
512 3299 632 3332 nam
655 3283 773 3347 quia
794 3289 913 3341 erat,
939 3279 1055 3342 δια]
1087 3281 1297 3345 Jacobi:
1341 3280 1509 3329 “falsa

351 3373 436 3414 aut
458 3364 621 3414 uersio
643 3374 728 3412 aut
752 3362 935 3422 lectio;
967 3378 1121 3411 nexus
1144 3361 1279 3411 enim
1312 3370 1506 3411 senten-

351 3445 529 3494 tiarum
575 3444 792 3507 postulat
831 3442 961 3491 sed.’'
1043 3443 1138 3491 But
1182 3443 1283 3504 γάρ
1326 3442 1376 3491 in
1424 3442 1508 3491 the

350 3525 558 3590 original
585 3524 751 3573 would
774 3524 937 3587 surely
954 3524 1018 3573 be
1038 3522 1313 3573 defensible
1332 3540 1347 3583 ς
1378 3525 1391 3548 ⁶
1406 3522 1508 3571 had

350 3609 436 3657 the
473 3606 686 3670 Apostle
723 3605 916 3669 spoken
956 3605 1075 3669 only
1105 3603 1164 3653 of
1195 3603 1280 3653 the
1322 3604 1509 3653 Divine

353 3691 559 3745 Nature,
588 3687 653 3737 he
675 3687 842 3736 would
865 3687 993 3736 have
1019 3686 1315 3751 sufficiently
1336 3685 1509 3735 shewn

352 3773 437 3823 the
459 3772 744 3833 excellency
765 3770 824 3819 of
838 3769 1070 3833 humility
1092 3768 1304 3832 [though
1335 3778 1422 3817 not
1446 3771 1510 3816 its

352 3853 785 3920 profitableness];
819 3851 928 3910 for,’
953 3854 1041 3902 διο.

424 3950 495 3999 17.
544 3935 848 3983 eboc-ditionis
885 3932 1023 3997 opus]
1088 3934 1232 3996 ἔργον
1264 3932 1510 3991 ὕπακοῆςε

351 4017 414 4067 cf.
444 4018 662 4077 Rbnsch,
692 4017 841 4074 Itala,
871 4033 921 4081 p.
953 4028 1031 4077 75.

423 4114 499 4163 ¹9·
543 4115 628 4147 sec.
655 4097 845 4145 dudum
868 4099 1084 4161 positum
1117 4097 1386 4145 terminum
1421 4111 1511 4143 na-

351 4179 512 4240 turae]
579 4176 662 4227 Cf.
698 4194 746 4242 p.
791 4190 868 4238 25,
909 4178 938 4226 l.
988 4191 1060 4239 17,
1100 4184 1237 4232 note,
1271 4174 1373 4223 and
1411 4175 1509 4222 add
1612 4184 1628 4200 ·

353 4262 438 4311 the
471 4260 729 4324 following
764 4259 976 4322 (Migne,
1005 4261 1177 4319 1010):
1213 4255 1512 4305 “Dominus

358 4351 469 4393 ...et
516 4349 727 4390 mortem
783 4348 957 4404 utpote
1011 4347 1215 4389 naturae
1269 4340 1510 4389 tributum

355 4431 608 4488 postremo
650 4420 872 4486 suscipit,
919 4426 975 4469 ut
1021 4419 1294 4469 secundum
1349 4419 1510 4482 legem

353 4507 601 4554 humanae
638 4511 843 4552 naturae
881 4500 1098 4550 moriens
1136 4506 1186 4549 et
1230 4515 1261 4547 a
1304 4499 1512 4548 mortuis

1201 2922 1229 2956 ο
1265 2908 1398 2956 enim
1431 2924 1510 2956 om
1532 2923 1565 2955 r

1201 2997 1227 3047 7
1262 3002 1479 3051 namque
1517 2987 1648 3036 CH
1704 3001 2029 3049 namquaer

1598 3083 1657 3127 14
1692 3075 1858 3115 autem
1882 3066 1986 3129 (ast
2003 3065 2216 3126 homini)
2239 3067 2344 3114 add
2360 3083 2393 3115 r

354 3153 398 3202 C
410 3153 478 3201 H
483 3169 539 3202 r:
572 3158 654 3200 txt
670 3152 792 3216 conj.
821 3149 997 3215 Jacobi
1090 3164 1156 3198 20
1176 3149 1301 3198 dixit
1330 3150 1372 3199 C
1383 3150 1449 3198 Η
1454 3163 1508 3197 r:
1541 3148 1730 3214 Jacobi,
1757 3148 2008 3211 “sonasse
2025 3145 2181 3197 dixi.”

1790 2905 1822 2956 6
1855 2906 2077 2955 diuinam
2099 2913 2293 2955 tantum
2314 2906 2382 2955 Η
2401 2904 2410 2969 Ι
2437 2904 2768 2954 humilitatem

2330 3001 2388 3049 ¹3
2423 2986 2538 3034 huic
2566 2987 2611 3035 C
2628 2986 2697 3034 Η
2707 3001 2771 3037 r.-

2561 3065 2619 3116 16
2654 3066 2772 3116 hinc

2261 3162 2318 3195 οι
2348 3146 2494 3196 diuis.
2520 3154 2683 3197 natur.
2711 3148 2775 3196 H

1608 3280 1780 3329 diuina
1812 3278 1995 3329 uirtute
2035 3294 2307 3343 resurgens,
2347 3279 2543 3329 initium
2580 3279 2771 3330 cunctis

1607 3360 1897 3410 hominibus
1951 3361 2037 3424 qui
2091 3367 2304 3409 mortem
2347 3361 2620 3410 secundum
2658 3376 2770 3426 pro-

1609 3440 1770 3507 priam
1815 3448 2043 3491 naturam
2098 3440 2403 3505 susciperent
2458 3441 2599 3491 fieret
2641 3448 2697 3491 ut
2740 3458 2772 3491 a

1608 3522 1818 3573 mortuis
1841 3520 2095 3587 surgant.’'

1677 3637 1755 3672 20.
1811 3621 2036 3685 colligens
2072 3620 2128 3670 in
2167 3619 2353 3682 unum]
2431 3619 2510 3670 cf.
2553 3618 2771 3677 Sachau,

1614 4257 1734 4306 Add
1768 4256 1924 4307 Thdt.
1949 4257 2019 4305 ad
2048 4256 2100 4304 h.
2123 4258 2194 4307 l..·
2226 4258 2373 4316 δῆλον
2403 4258 2480 4306 καὶ
2513 4259 2611 4308 τοῖς
2645 4256 2774 4319 ἄγαν

1613 4335 1829 4396 ἀνοήτοις
1873 4337 1934 4385 ὥς
1984 4338 2017 4398 ἡ
2060 4337 2166 4385 θεία
2209 4334 2351 4397 φύσις
2394 4334 2629 4398 ἀνενδεὴς,
2690 4340 2772 4386 καὶ

1613 4419 1992 4478 ἐνανθρωπήσας
2018 4419 2071 4466 οὐ
2099 4415 2324 4467 ταπεινὸς
2344 4416 2409 4467 ὢν
2431 4418 2615 4481 ὑψώθη,
2640 4416 2774 4471 ἀλλὰ

1615 4502 1694 4549 καὶ
1717 4499 1917 4562 ὕψιστος
1941 4498 2002 4547 ὧν
2024 4496 2196 4548 εἀντδν
2215 4500 2552 4551 ἐταπείνωσεν.
