3293 5233
291 404 343 472 1.
375 406 676 492 21-25,]
1007 419 1091 471 m
1139 419 1243 470 ΕΡ.
1290 418 1393 470 AD
1439 415 1985 469 PHILIPPENSES.
2572 414 2690 462 211

415 592 586 658 milti
623 602 839 658 autem
884 591 1103 656 uiuere
1151 589 1451 657 Christus
1490 600 1587 655 est
1624 600 1688 654 et
1729 588 1904 653 mori
1941 587 2215 652 lucrum.

421 726 436 752 ‘
455 740 578 785 nec
604 720 783 786 enirn
814 718 869 782 si
901 718 1147 795 uiuam,
1171 718 1464 801 inquam,
1484 716 1756 782 alterius
1779 714 2055 784 alicuius
2086 713 2178 777 rei
2210 730 2435 782 curam
2466 709 2713 784 habeo„

287 820 413 884 nisi
453 820 669 885 solum
717 819 917 894 illam,
950 841 1123 903 quae
1152 819 1240 883 ad
1286 818 1569 903 gloriam
1602 819 1891 901 pertinet
1927 813 2216 891 Christi;
2260 813 2413 877 licet
2459 810 2704 881 moriar

286 944 409 1010 pro
439 945 520 988 eo
551 944 795 1007 magna
827 944 935 987 me
965 922 1255 986 lucrasse
1287 922 1575 986 confido.
1667 921 1845 984 uado
1875 919 2070 997 enim,
2105 927 2179 983 ut
2208 918 2334 982 sim
2367 937 2518 980 cum
2550 913 2701 978 illo!

286 1026 465 1092 unde
494 1035 562 1091 et
593 1047 858 1091 summa
893 1046 1046 1090 cum
1077 1026 1520 1089 demiratione
1550 1023 1755 1088 adicit
1782 1044 1796 1087 :
2778 1023 2809 1091 5

414 1177 480 1240 si
503 1187 719 1241 autem
750 1177 968 1242 uiuere
998 1176 1069 1240 in
1096 1196 1301 1253 carne,
1321 1175 1426 1239 hic
1454 1174 1622 1239 milti
1631 1176 1905 1257 fructus
1931 1174 2150 1257 operis,
2174 1184 2237 1237 et
2261 1172 2428 1256 quid
2447 1172 2701 1256 eligam,

288 1275 529 1359 {gnara
632 1289 918 1342 coarctor
956 1277 1131 1341 enim
1171 1297 1251 1340 ex
1288 1277 1547 1354 duobus,
1593 1276 1983 1340 desiderium
2026 1276 2263 1340 habens
2305 1285 2381 1338 ut
2418 1275 2710 1338 resoluar

286 1389 351 1441 et
395 1399 540 1441 cum
599 1378 854 1444 Christo
901 1378 1045 1455 sim,
1095 1379 1297 1443 multo
1344 1378 1560 1459 magis
1609 1377 1840 1442 melius
1856 1401 1887 1452 ,·
1938 1387 2320 1459 permanere
2363 1385 2579 1439 autem
2633 1374 2705 1438 in

290 1499 486 1542 carne
520 1481 943 1543 necessarium
981 1489 1078 1543 est
1104 1489 1372 1561 propter
1397 1500 1526 1542 uos:

425 1616 689 1699 ‘itaque
709 1625 777 1679 et
802 1617 869 1682 in
897 1616 1126 1699 aporia
1150 1625 1387 1692 uertor,
1415 1617 1726 1700 ignorans
1750 1615 1911 1697 quid
1936 1635 2045 1678 me
2068 1612 2423 1678 conueniat
2448 1610 2705 1693 eligere.
2740 1625 2819 1673 10

290 1715 584 1782 oblectat
621 1719 800 1780 enim
845 1737 954 1780 me
993 1714 1189 1780 huius
1236 1719 1415 1781 uitae
1461 1719 1701 1794 exituS‚
1735 1739 1815 1781 eo
1859 1719 2039 1800 quod
2089 1717 2354 1782 Christo
2396 1733 2505 1776 me
2549 1710 2707 1776 facit

290 1819 566 1897 adesse;
609 1822 873 1904 gratum
906 1828 1131 1884 autem
1164 1820 1324 1883 mihi
1356 1830 1459 1885 est
1490 1830 1557 1885 et
1589 1830 1662 1884 ut
1693 1823 1819 1884 sim
1851 1823 1918 1885 in
1952 1823 2105 1898 uita,
2139 1842 2220 1884 eo
2250 1819 2428 1902 quod
2463 1814 2708 1880 multos

292 1944 382 1987 ex
435 1923 562 1988 illis
610 1925 724 2008 qui
772 1923 1040 1988 Christo
1085 1924 1386 1988 extranei
1431 1933 1587 1987 sunt
1633 1925 1720 2013 ad
1767 1926 1907 1989 eius
1951 1934 2111 2008 pote
2154 1943 2303 1986 sum
2350 1918 2708 2004 perducere

291 2028 517 2092 fidem.
565 2029 791 2110 itaque
835 2027 960 2091 etsi
1007 2028 1246 2091 melius
1298 2038 1402 2092 est
1450 2028 1611 2092 mihi
1664 2028 1819 2093 hinc
1869 2029 2210 2094 discedere
2262 2035 2335 2091 ut
2383 2026 2508 2089 sim
2554 2042 2707 2087 cum

296 2129 581 2208 Christo,
634 2132 754 2195 sed
800 2139 1028 2194 tamen
1072 2130 1222 2213 plus
1269 2135 1716 2214 praesentiam
1763 2154 1983 2197 meam
2020 2142 2286 2215 propter
2328 2151 2442 2194 uos
2485 2150 2709 2194 neces·
2744 2141 2815 2208 15

292 2235 536 2300 sariam
581 2255 726 2299 esse
767 2233 986 2297 iudico
1007 2234 1187 2297 ’—ut
1226 2234 1408 2300 dicat
1456 2240 1627 2313 ‘u05,
1672 2238 1785 2320 qui
1827 2239 1914 2302 ad
1955 2237 2159 2301 fidem
2201 2229 2551 2300 acceditis?
2641 2242 2710 2298 et

293 2340 611 2420 quoniam
680 2339 808 2402 ista
853 2338 1029 2402 dixit
1072 2358 1267 2401 suum
1328 2339 1672 2406 arbitrium
1734 2342 2100 2423 publicanS,
2155 2350 2230 2406 ut
2277 2361 2362 2404 ne
2406 2341 2714 2405 uideatur

294 2458 452 2501 uera
492 2440 749 2503 ratione
788 2441 1128 2522 aporiatus
1160 2442 1411 2507 nescire
1452 2463 1531 2506 ea
1572 2463 1744 2526 quae
1783 2445 2148 2509 secundum
2189 2465 2261 2508 se
2300 2452 2471 2522 sunt,
2505 2442 2610 2507 uel
2643 2444 2714 2507 in

294 2548 534 2631 quibus
563 2551 669 2627 sit,
700 2551 943 2613 adiecit
970 2571 984 2613 ε

423 2705 486 2757 et
511 2694 626 2758 hoc
650 2695 969 2779 confidens
995 2696 1123 2760 scio
1151 2698 1455 2778 quoniam
1487 2700 1749 2762 manebo
1779 2709 1843 2762 et
1875 2702 2382 2783 compermanebo
2419 2702 2714 2766 omnibus
2740 2719 2825 2767 20

392 2901 423 2943 4
458 2882 701 2930 lucratum
725 2896 831 2931 esse
854 2898 886 2928 r
1187 2894 1215 2943 5
1252 2896 1365 2930 cum
1387 2897 1466 2930 om
1489 2883 1557 2931 H

304 2978 357 3012 u
397 2962 512 3012 fecit
534 2964 604 3011 H
859 2977 917 3011 ια
951 2962 1123 3012 multis
1151 2963 1193 3012 C
1214 2964 1273 3011 H
1292 2979 1324 3011 r

302 3058 360 3106 ¹4
394 3044 544 3093 finem
569 3043 685 3109 (sor
703 3043 874 3104 fidem)
898 3045 966 3093 H
983 3044 991 3108 Ι
1023 3045 1198 3093 melior
1228 3046 1271 3094 C
1289 3044 1357 3093 H

293 3124 390 3175 ista
411 3126 480 3175 H

1847 2900 1906 2934 ro
1940 2883 2304 2934 dubitationem
2330 2884 2446 2947 (for
2464 2884 2657 2949 aporia)
2682 2902 2714 2934 r

1592 2978 1652 3028 ¹3
1686 2980 1890 3028 possum
1919 2967 1964 3015 C
1983 2966 2132 3027 (corr)
2198 2975 2342 3029 potes
2364 2966 2431 3015 H
2483 2975 2660 3030 potero
2683 2984 2715 3015 r

1522 3045 1580 3096 16
1613 3052 1667 3095 ut
1691 3047 1871 3096 ducam
1896 3047 2012 3111 (sor
2030 3055 2085 3097 ut
2107 3045 2260 3111 dicat)
2286 3064 2318 3095 r
2493 3060 2550 3110 17
2585 3048 2712 3097 dixit

670 3127 728 3175 18
761 3134 1029 3191 apparatus
1051 3143 1083 3174 r
1107 3124 1116 3190 Ι
1146 3142 1237 3176 nec
1260 3126 1384 3176 scire
1413 3125 1553 3176 C*H
1564 3143 1658 3177 nec
1680 3143 1741 3177 ea
1761 3128 1885 3178 scire
1909 3146 1941 3177 r
2139 3144 2196 3193 ¹9
2228 3127 2380 3177 adicit
2409 3129 2454 3178 C
2471 3145 2504 3177 r

367 3300 409 3335 ι.
476 3285 608 3333 mihi
634 3284 820 3346 autem]
887 3284 992 3343 ἐμοὶ
1043 3283 1094 3331 δέ
1119 3283 1195 3343 (Ρ).
1275 3284 1457 3331 Autem

297 3382 412 3429 may
445 3364 675 3414 however
708 3366 771 3414 be
807 3380 871 3413 an
906 3380 1040 3413 error
1070 3363 1145 3413 for
1182 3365 1330 3425 enim,
1372 3366 1456 3413 the

294 3448 456 3496 scribe
494 3448 681 3512 having
717 3446 819 3496 had
857 3446 936 3496 his
975 3461 1066 3511 eye
1104 3461 1171 3495 on
1208 3446 1256 3495 si
1290 3454 1455 3496 autem

295 3530 477 3578 below.

362 3634 411 3676 4.
455 3612 686 3674 lucrasse]
699 3613 1004 3661 :lucratum
1036 3627 1141 3671 esse,
1170 3611 1335 3663 which
1364 3611 1456 3665 has

295 3693 425 3742 been
447 3694 745 3744 substituted
768 3694 843 3744 sor
866 3695 905 3743 it
926 3696 977 3742 in
1005 3694 1259 3743 Rabanus.

364 3788 406 3838 7.
457 3782 670 3825 coarctor
703 3775 857 3837 enim]
904 3775 1164 3836 συνέχομαι
1196 3776 1312 3836 γάρ.
1385 3774 1456 3825 So

297 3856 472 3919 Thdt.,
513 3859 604 3908 but
645 3858 839 3922 Chrys„
881 3874 982 3907 avr.
1020 3858 1089 3917 δέ,
1134 3858 1219 3907 the
1251 3858 1457 3923 reading

296 3942 531 3991 followed
554 3942 620 4007 by
643 3942 728 3991 the
760 3941 913 3991 Latin
945 3941 1182 3990 versions.
1251 3940 1455 3990 Instead

296 4028 355 4077 os
383 4034 441 4076 ut
479 4042 569 4075 res.
605 4025 824 4085 et...sim,
853 4024 939 4073 the
969 4023 1033 4073 Ο.
1062 4025 1122 4072 L.
1163 4024 1264 4072 and
1301 4023 1453 4088 Vulg-

295 4107 422 4156 have
435 4105 639 4156 dissolui
652 4113 710 4154 et.
722 4145 732 4155 .
744 4121 865 4154 ,es-se.
933 4104 1031 4154 Th.
1048 4104 1167 4154 read
1181 4105 1244 4153 εἷς
1266 4104 1323 4152 τὸ
1341 4100 1452 4151 ἀνα-

294 4192 457 4250 λῦσαι,
485 4190 584 4238 and
610 4190 693 4238 the
718 4205 854 4253 prep.
889 4204 991 4237 was
1025 4196 1114 4237 not
1148 4186 1453 4237 overlooked

295 4271 362 4334 by
386 4270 470 4319 the
494 4270 857 4319 conscientious
880 4269 1157 4318 translator.

367 4368 439 4412 10,
476 4354 551 4402 18.
621 4352 678 4401 in
714 4353 885 4414 aporia
930 4358 1159 4400 uerter...
1178 4349 1452 4415 aporiatus]

295 4433 378 4483 Cf.
403 4449 451 4497 p.
480 4446 556 4494 70,
587 4433 622 4482 1.
649 4447 726 4493 21,
755 4441 889 4494 note,
917 4431 1018 4481 and
1040 4448 1122 4482 see
1145 4449 1227 4481 vv.
1251 4433 1304 4482 ll.

365 4532 437 4566 ιι.
481 4517 702 4579 gratiam
724 4523 886 4565 autem
913 4516 1041 4566 mihi
1057 4522 1137 4575 est,
1158 4514 1273 4577 δια]
1330 4514 1447 4572 Th„

1557 3294 1788 3351 contrary
1809 3294 1863 3336 to
1884 3287 1961 3336 his
1984 3302 2087 3343 use,
2111 3302 2282 3351 passes
2302 3301 2420 3335 over
2443 3286 2528 3335 the
2548 3302 2710 3350 gram·

1557 3367 1757 3417 matical
1781 3367 2060 3417 difficulties
2082 3367 2140 3415 os
2167 3367 2252 3416 the
2272 3373 2504 3416 sentence
2527 3369 2570 3415 εἰ
2597 3368 2704 3416 δέ...

1557 3453 1613 3499 οὐ
1633 3450 1860 3512 γνωρίζω.
1920 3450 1981 3499 In
2005 3464 2238 3499 common
2261 3449 2382 3498 with
2405 3449 2585 3513 Chrys.
2609 3449 2710 3498 and

1556 3532 1641 3583 the
1666 3542 1778 3593 rest,
1801 3533 1865 3582 he
1888 3548 2047 3583 seems
2077 3539 2130 3581 to
2164 3532 2341 3595 regard
2373 3533 2513 3581 τοῦτό
2544 3550 2626 3590 μοι
2661 3550 2705 3582 κ.

1556 3616 1700 3675 ἔργον
1722 3629 1777 3662 as
1799 3613 2032 3676 meaning
2059 3614 2072 3637 ‘
2089 3628 2174 3676 my
2196 3612 2279 3661 lise
2300 3612 2419 3662 here
2449 3612 2491 3662 is
2524 3612 2711 3662 fruitsul

1557 3694 1609 3743 in
1633 3695 1772 3744 work
1803 3694 1879 3743 for
1902 3694 2106 3743 Christ.’
2176 3692 2256 3743 Cf.
2280 3693 2504 3758 Thpht.:
2541 3695 2620 3741 καὶ
2654 3694 2712 3743 τὸ

1558 3776 1643 3835 ζῆν
1670 3777 1723 3824 ἐν
1754 3778 1893 3836 σαρκὶ
1932 3778 2014 3824 οὐκ
2055 3772 2274 3836 ἄκαρπόν
2299 3777 2382 3833 μοί
2415 3777 2566 3823 ἐστιν·
2600 3792 2711 3837 καρ-

1552 3857 1762 3920 ,π-οφορῶ
1794 3859 1894 3920 ’γὰρ
1938 3855 2172 3906 διδάσκων
2224 3858 2302 3906 καὶ
2342 3861 2560 3922 φωτίζων
2591 3854 2711 3905 πάν·

1556 3956 1657 3989 τας.

1627 4035 1703 4083 13.
1737 4025 1848 4083 pote
1866 4019 1999 4079 sum]
2064 4017 2146 4068 Cf.
2172 4035 2251 4067 vv.
2277 4019 2330 4067 ll.

1619 4117 1701 4152 20.
1746 4100 2150 4165 compermanebo]
2209 4097 2713 4162 συμπαραμενῶ-ίὴε

1553 4185 1761 4249 reading
1793 4182 1849 4232 of
1878 4183 2057 4246 Chrys.
2091 4184 2192 4235 and
2228 4183 2311 4232 the
2339 4183 2605 4232 other-Gk.
2630 4198 2712 4232 ex·

1554 4268 1802 4333 positors;
1848 4269 1881 4292 ‘⁶
1901 4265 2067 4314 Latini
2106 4264 2398 4328 permanebo
2413 4262 2442 4285 ''
2478 4265 2709 4326 (Tisch.).

1560 4347 1796 4397 Glon‘attb
1826 4346 1867 4395 is
1901 4347 2049 4409 given
2090 4345 2156 4408 by
2193 4345 2278 4394 the
2318 4345 2383 4395 Ο.
2409 4345 2470 4395 L.
2511 4344 2709 4411 (glorta,

1556 4427 1856 4493 Ambrstr.);
1890 4428 2061 4493 Vulg.‚
2078 4428 2368 4492 gratulatio.

2333 4624 2536 4686 14—2.
