3293 5233
345 410 473 473 111.
515 407 634 493 15]
1061 418 1143 470 m
1191 418 1301 471 Ep.
1346 420 1451 470 AD
1499 419 2046 473 ΡΗῙιιΡΡΕΝεΕε.
2630 421 2758 488 239

468 592 520 674 †
550 593 897 658 ‘effectum
930 613 1038 656 me
1070 593 1393 657 ueraciter
1432 591 1802 676 perfectum
1843 612 1977 657 non
2014 594 2434 675 praenuncio,
2468 595 2753 660 necdum

339 693 516 757 enim
567 695 633 757 in
677 694 1053 758 fruitionem
1103 695 1396 759 consisto
1441 694 1708 759 illorum
1750 717 1923 778 quae
1982 706 2463 780 expectantur3
2524 705 2752 762 tamen

338 798 552 861 sciens
612 797 873 861 illorum
937 797 1493 880 magnitudinem,
1546 808 1848 862 ueterum
1909 799 2209 863 omnium
2264 799 2513 864 nullam
2583 799 2753 864 facio

337 900 684 975 rationem,
730 900 816 962 ad
868 899 1138 980 plenum
1189 899 1302 962 illa
1355 898 1675 962 obliuioni
1724 899 2036 977 tradens;
2084 899 2169 964 ad
2213 900 2432 963 futura
2481 920 2639 962 uero
2686 910 2754 963 et

339 1022 512 1084 quae
543 1011 987 1084 expectantur
1018 1023 1240 1066 meum
1273 1002 1642 1085 cogitatum
1678 1003 1995 1079 extendo,
2022 1023 2223 1067 unam
2256 1002 2509 1068 habens
2542 1005 2754 1067 inten-

338 1103 610 1177 tionem,
644 1105 730 1167 ad
765 1124 968 1187 quam
1003 1104 1356 1185 respiciens
1387 1105 1613 1167 omnia
1645 1125 1774 1187 ago
1806 1105 1900 1168 ita
1929 1113 2002 1168 ut
2044 1104 2373 1187 adsequar
2414 1107 2755 1187 proposita

339 1204 499 1267 mihi
532 1207 827 1287 praemia
859 1207 924 1269 in
958 1226 1244 1288 superna
1276 1206 1820 1270 uocatione’—ut
1841 1207 2023 1271 dicat
2045 1207 2433 1272 ‘caelestem
2459 1229 2754 1273 commo-

335 1308 700 1380 rationem,’
727 1308 813 1370 ad
838 1328 1042 1390 quam
1067 1318 1140 1371 ut
1165 1309 1612 1390 adsequamur
1642 1331 1875 1373 omnes
1907 1331 2134 1373 sumus
2168 1311 2450 1385 uocati,*
2477 1312 2655 1374 unde
2686 1323 2754 1376 et

338 1433 617 1498 regnum
648 1413 887 1477 dicitu'r
927 1410 1264 1475 caelorum
1291 1432 1306 1487 ;
1355 1419 1773 1494 resurgentes
1804 1413 1981 1476 enim
2015 1401 2375 1495 incorrupti
2408 1422 2475 1476 et
2509 1415 2755 1478 inmor-

336 1514 507 1580 tales
552 1515 617 1577 in
664 1513 933 1578 caelesti
980 1534 1391 1578 commorare
1435 1515 1801 1577 secundum
1839 1513 2074 1578 datum
2116 1513 2310 1577 nobis
2355 1516 2751 1595 promissum
2788 1532 2866 1580 10

338 1636 703 1699 speramus,
806 1636 894 1679 ex
955 1616 1458 1697 comparatione
1513 1637 1672 1680 uero
1727 1616 1940 1680 uoluit
2000 1617 2370 1691 ostendere,
2425 1626 2752 1698 quantum

340 1720 471 1803 legi
504 1719 616 1782 illa
646 1737 818 1800 quae
849 1725 1074 1780 nostra
1103 1726 1257 1780 sunt
1289 1717 1691 1800 praecellere
1722 1717 2048 1781 uidentur.
2111 1725 2182 1782 et
2223 1718 2537 1800 quoniam
2577 1718 2752 1782 dixit

338 1840 532 1884 suum
565 1840 723 1901 erga
753 1818 881 1882 ista
910 1819 1343 1900 propositum,
1369 1818 1605 1882 docere
1636 1819 1869 1882 nititur
1897 1818 2166 1901 qualem
2197 1826 2502 1900 oporteat
2534 1818 2620 1883 de
2649 1819 2752 1883 his

336 1921 586 1986 habere
615 1922 1053 1999 sententiam3
1097 1920 1337 1983 adiecit
1368 1922 1616 1984 etenim
1650 1919 2185 1984 exhortationem
2215 1944 2229 1983 ε

2827 1018 2857 1083 ut

467 2084 819 2167 quicunque
846 2103 994 2164 ergo
1021 2104 1249 2145 sumus
1262 2080 1550 2165 perfecti,
1581 2082 1697 2145 ltoc
1720 2081 2072 2165 sapiamus.
2785 2100 2854 2165 13

467 2213 730 2295 ‘itaque
760 2211 874 2294 qui
911 2210 1075 2274 illud
1109 2210 1232 2273 frui
1264 2209 1443 2292 quod
1475 2208 1846 2292 perfectum
1878 2218 1980 2274 est
2011 2208 2555 2293 concupiscimuS,
2586 2209 2753 2275 haec

466 2444 891 2530 ’γεγενῆσθαι
922 2442 1200 2529 ἐμαυτὸν
1229 2445 1298 2509 ἐν
1325 2448 1407 2529 τῇ
1437 2443 1721 2529 α’ληθινῇ
1752 2443 2111 2525 τελειότητι
2140 2443 2257 2509 οὗκ
2286 2441 2751 2528 ἀποφαίνομαι,

334 2548 589 2616 οὐδέπω
633 2547 763 2634 ’γὰρ
802 2548 869 2613 ἐν
911 2546 1280 2614 ἀπολαύσει
1310 2551 1439 2613 τῶν
1477 2546 2040 2634 προσδοκωμένων
2081 2547 2506 2631 κατέστημεν.
2594 2542 2750 2610 ἀλλ’

332 2653 502 2734 ὅμως
545 2650 721 2721 εἰδὼς
769 2653 1023 2717 ἐκείνων
1066 2651 1141 2717 τὸ
1183 2650 1468 2733 μέγεθος,
1500 2653 1632 2715 τῶν
1669 2650 1792 2734 μὲν
1837 2654 2145 2716 παλαιῶν
2183 2648 2501 2715 ἁπάντων
2530 2646 2754 2713 οὐδένα

336 2760 651 2838 ποιοῦμαι
687 2755 909 2837 λόγον,
947 2753 1110 2839 πρὸς
1159 2753 1227 2817 δὲ
1266 2753 1346 2817 τὰ
1384 2753 1718 2835 μέλλοντα
1759 2755 2039 2835 ἐμαυτοῦ
2074 2750 2399 2835 λογισμὸν
2437 2750 2749 2827 ἐκτείνων,
2782 2777 2867 2823 20

334 2861 447 2926 ἕνα
476 2858 731 2925 σκοπὸν
755 2860 905 2945 ἔχω,
938 2855 1102 2942 πρὸς·
1132 2856 1202 2922 ὃν
1230 2856 1497 2942 ἀφορῶν
1526 2854 1793 2921 ἅπαντα
1830 2855 2121 2943 πράττω,
2156 2855 2333 2924 ὅπως
2362 2853 2448 2919 ἂν
2483 2853 2755 2941 τύχοιμι

332 2967 463 3030 τῶν
491 2959 931 3046 προκειμένων
973 2956 1130 3041 ἡμῖν
1160 2958 1465 3024 ἐπάθλων
1511 2956 1599 3027 εἰς
1641 2955 1763 3039 τὴν
1810 2959 1939 3023 ἅνω
1986 2955 2263 3036 κλῆσιν·’
2320 2954 2422 3020 ἵνα
2457 2956 2609 3039 εἴπῃ
2640 2953 2756 3035 τὴν

332 3067 401 3133 ἐν
430 3068 563 3133 τοῖς
593 3060 883 3147 οὐρανοῖς
914 3059 1183 3139 δίαιταν,
1214 3058 1288 3141 ἧς
1319 3059 1429 3125 ἐπὶ
1459 3062 1550 3145 τῷ
1578 3064 1801 3147 τυχεῖν
1830 3057 2199 3142 κεκλήμεθα
2228 3056 2483 3128 πάντες.

436 3260 463 3294 2
500 3251 692 3294 tantum
720 3240 833 3306 (jor
854 3238 1040 3302 tamen)
1064 3241 1132 3288 H
1334 3258 1365 3302 4
1400 3239 1655 3288 oblinione
1682 3240 1727 3289 C
1733 3238 1759 3263 ⁴*
1785 3256 1817 3288 r
2026 3237 2059 3288 6
2091 3238 2339 3301 adsequor
2376 3237 2454 3286 C*
2479 3239 2545 3286 ll
2560 3239 2700 3299 (ass)
2725 3255 2757 3287 r

338 3340 364 3390 7
400 3325 923 3376 commemorationem
955 3324 998 3370 C
1006 3322 1030 3347 ¹*
1056 3321 1124 3370 H
1289 3337 1346 3382 ¹4
1380 3321 1531 3370 adicit
1555 3321 1686 3369 enim
1710 3320 1836 3369 hanc
1860 3321 1971 3369 exh.
2003 3336 2035 3366 r
2207 3333 2261 3380 17
2287 3335 2359 3382 sq.
2395 3318 2551 3367 Coisl.
2578 3333 2688 3381 204,
2716 3319 2748 3367 f.

344 3396 430 3471 13'2
456 3408 490 3455 b
513 3406 617 3467 [Cr.
647 3404 712 3451 vi.
740 3402 849 3465 276,
886 3403 971 3449 fr.
1003 3400 1113 3465 139]
1210 3400 1454 3461 θεόδωρος.
1534 3401 1715 3458 ταύτην
1750 3400 1801 3447 δὲ
1833 3400 1922 3457 τὴν
1956 3399 2186 3459 ἐξήγησιν
2231 3397 2457 3457 θεόδωρος
2493 3398 2549 3445 οὐ
2587 3398 2754 3458 προσί-

335 3504 455 3535 εται.
534 3487 763 3547 βούλεται
796 3483 895 3544 γὰρ
932 3482 1030 3529 ἀπὸ
1067 3482 1150 3529 τοῦ
1191 3481 1284 3528 ’τὰ
1322 3481 1448 3528 αὐτὰ
1485 3480 1694 3541 γράφειν
1735 3480 1842 3537 ὑμῶν
1882 3480 1983 3535 ἐμοὶ
2022 3479 2111 3535 μὲν
2155 3479 2238 3525 οὐκ
2274 3475 2509 3539 ὀκνηρόν,’
2547 3474 2602 3525 δι’
2638 3478 2755 3525 ὅλου

336 3569 443 3630 περὶ
478 3568 565 3614 τοῦ
596 3566 664 3624 μὴ
694 3565 790 3612 δεῖν
819 3563 1071 3611 πείθεσθαι
1102 3561 1203 3610 τοῖς
1232 3561 1359 3609 κατὰ
1392 3560 1532 3619 νόμον
1565 3557 1651 3624 ζῇν
1683 3561 1851 3610 αὐτοὺς
1885 3560 2016 3622 [ἡμῖν
2041 3561 2200 3609 αὐτοῖς
2222 3560 2306 3609 Cr.
2327 3567 2422 3621 per
2445 3559 2641 3617 incur-3
2684 3558 2746 3607 ef.

337 3648 447 3709 Fr.]
479 3646 791 3710 βουλομένοις
831 3644 1097 3692 πείθεσθαι·
1132 3643 1275 3690 τοῦτο
1312 3641 1411 3703 γάρ
1450 3642 1583 3690 ἐστιν
1623 3643 1651 3690 ὅ
1691 3648 1840 3702 φησιν
1875 3642 2193 3704 γεγενῆσθαι·
2226 3641 2431 3699 ἐμαυτὸν
2454 3637 2576 3703 (sic),
2600 3641 2748 3690 κ.τ.λ.
2835 3654 2838 3657 ’

337 3746 398 3794 23
434 3732 513 3780 ἐπὶ
537 3731 593 3778 τὸ
616 3747 663 3777 τ.
687 3727 802 3777 edd.

402 3893 447 3927 a.
515 3873 838 3940 smilioncm]
912 3873 1007 3921 See
1053 3870 1291 3929 Paucker,
1343 3870 1493 3918 melcl.
1591 3869 1861 3918 bracketed
1895 3869 1964 3932 by
1998 3868 2103 3917 him
2138 3884 2192 3916 as
2227 3865 2470 3931 spurious,
2516 3867 2556 3915 is
2595 3874 2752 3916 want·

333 3959 488 4007 lcxist.
518 3958 625 4014 alt„
656 3973 702 4019 p.
740 3970 834 4012 ¹03
869 3954 930 4000 ib.
956 3952 1007 4001 ii.
1035 3968 1083 4015 p.
1112 3968 1188 4013 23.
1590 3950 1678 4014 ing
1710 3949 1763 3998 in
1799 3950 1922 3998 both
1957 3966 2046 3998 our
2082 3950 2261 4003 MSS..
2299 3948 2398 3996 and
2434 3948 2500 4010 by
2542 3948 2668 3995 Rab.
2713 3948 2755 3996 is

403 4055 444 4102 5.
509 4038 792 4103 cogitatum]
862 4036 1082 4093 Ronsch‚
1114 4034 1261 4093 Itala,
1303 4050 1352 4097 p.
1380 4035 1491 4096 308.
1592 4032 1817 4081 ascribed
1843 4042 1895 4081 to
1919 4032 2051 4094 Aug.
2121 4032 2231 4080 The
2267 4046 2402 4077 same
2439 4028 2632 4076 remark
2669 4044 2754 4091 ap-

333 4123 410 4172 Cs.
440 4122 614 4171 Thdt.:
652 4121 715 4168 εἷς
742 4120 793 4166 δέ
828 4136 908 4175 μοι
941 4119 1121 4165 σκοπὸς
1154 4119 1210 4164 τὸ
1245 4119 1341 4163 τῶν
1374 4113 1493 4161 α’πο-
1594 4112 1721 4177 plies
1744 4120 1795 4160 to
1820 4112 1904 4160 the
1928 4112 2117 4160 clauses
2141 4110 2306 4158 which
2326 4109 2502 4173 Jacobi
2529 4108 2757 4157 brackets

331 4206 553 4263 κειμένων
593 4202 873 4249 ἀπολαῦσαι
915 4200 1173 4259 βραβείων.
1259 4200 1400 4245 τοῦτο
1445 4198 1497 4245 δέ
1592 4191 1717 4239 aster
1732 4191 1906 4238 etc-nim
1924 4191 1970 4238 si
1990 4206 2129 4249 nese„
2153 4192 2264 4245 ἂψ,
2285 4188 2384 4235 and
2408 4186 2533 4236 aster
2554 4186 2627 4235 ad
2639 4202 2758 4233 usus

332 4289 466 4337 ἐστιν
493 4286 524 4344 ὴ
548 4287 642 4332 τῶν
667 4281 875 4345 οὐρανῶν
895 4282 1142 4344 βασιλεία.
1594 4291 1718 4324 meos
1739 4274 1948 4323 misistis
1971 4273 2041 4336 (p.
2069 4272 2204 4333 250).

353 4372 362 4381 '
406 4383 478 4417 ιι.
529 4382 589 4414 ex
621 4362 997 4427 comsmranbnc]
1073 4360 1183 4408 The
1218 4359 1496 4424 paragraph
1667 4370 1740 4419 15.
1796 4357 1883 4405 Ιιοι·
1913 4353 2188 4418 sapiamus]
2268 4351 2347 4401 Cf.
2386 4367 2434 4415 p.
2467 4366 2579 4409 202,
2616 4348 2647 4397 l.
2683 4364 2752 4408 ιο,

330 4447 772 4499 noua—nouitatis
832 4443 1171 4507 immediately
1229 4442 1498 4507 preceding
1593 4448 1728 4490 note.
1803 4436 1953 4500 Vulg.
1993 4436 2138 4484 “hoc
2174 4434 2499 4489 sentiamus
2526 4429 2555 4453 ’'

332 4533 470 4583 these
504 4529 667 4578 words
704 4528 756 4576 in
791 4527 867 4575 Dr
898 4526 1122 4591 Jacobi's
1161 4525 1368 4585 edition,
1407 4525 1495 4574 but
