3293 5233
1074 387 1156 437 IN
1207 387 1310 439 ΕΡ.
1357 386 1459 438 AD
1505 384 2020 438 COLOSSENSES.
2618 372 2738 435 261

329 374 677 459 1.14,15]

326 559 641 636 diximus,
700 568 769 624 et
812 559 1249 643 comprobare
1303 566 1616 643 properat
1666 557 1928 620 illorum
1990 552 2518 637 magnitudinem
2571 573 2743 636 quae

326 662 414 725 ab
446 682 526 725 eo
557 672 851 726 correcta
882 672 1053 726 sunt.
1137 661 1316 725 unde
1348 672 1416 726 et
1445 661 1530 725 de
1561 669 1872 743 suscepto
1903 658 2173 722 homine
2202 658 2519 741 disputat,
2552 661 2743 741 quasi

325 764 412 827 de
458 764 765 847 primitiis
811 766 1069 841 nostris,
1122 774 1191 828 et
1237 766 1396 848 quia
1451 764 1754 846 prouisor
1805 764 1997 828 nobis
2056 764 2384 828 bonorum
2444 765 2747 829 extiterit

328 867 710 933 multorum.
801 868 979 931 unde
1010 877 1078 931 et
1109 868 1391 932 adiecit:

457 1016 528 1080 in
558 1039 680 1100 quo
707 1017 1013 1083 habemus
1041 1019 1543 1101 redemptionem,
1576 1019 2012 1083 remissionem
2028 1031 2446 1101 peccatorum.
2820 1023 2851 1090 5

461 1143 615 1219 ‘per
656 1138 874 1220 ipsum
919 1140 1096 1202 enim
1140 1158 1409 1203 omnem
1459 1149 1886 1222 peccatorum
1918 1141 2338 1206 securitatem
2371 1162 2599 1206 sumus
2631 1143 2748 1208 ad-

326 1238 571 1303 secuti.’
661 1240 822 1304 dicit
868 1250 1094 1304 autem
1136 1240 1429 1305 futurum
1467 1252 1737 1318 statum,
1770 1244 1836 1305 in
1878 1263 2012 1325 quo
2052 1264 2172 1326 per
2202 1245 2744 1309 resurrectionem

326 1340 560 1418 effecti,
615 1352 850 1407 natura
902 1352 1129 1408 nostra
1182 1344 1517 1408 inmortali
1578 1354 1876 1420 extante,
1931 1366 2207 1428 peccare
2267 1345 2542 1411 ulterius
2613 1367 2746 1410 non

325 1446 706 1527 poterimus,
796 1447 931 1510 tale
971 1457 1072 1511 est
1112 1456 1179 1510 et
1226 1447 1389 1510 illud
1436 1447 1615 1531 quod
1665 1448 1751 1511 ad
1801 1447 2130 1531 Ephesios
2171 1449 2424 1514 dictum
2462 1459 2603 1515 est:
2651 1450 2749 1514 ita

325 1558 403 1611 ut
435 1549 644 1612 simus
679 1550 891 1614 sancti
920 1561 984 1614 et
1020 1550 1441 1615 immaculati.
1531 1551 1776 1614 deinde
1820 1550 1982 1616 dicit
2018 1562 2087 1616 et
2124 1551 2305 1615 illam
2347 1552 2744 1634 dignitatem
2778 1568 2859 1614 10

326 1670 500 1732 quae
537 1672 693 1735 erga
736 1673 889 1716 eum
933 1661 1073 1716 est:

456 1804 574 1886 qui
612 1815 707 1868 est
745 1806 963 1889 imago
1001 1804 1136 1869 Dei
1169 1805 1545 1869 inuisibilis.

457 1925 629 1988 bene
662 1924 1020 1988 inuisibilis
1048 1925 1310 2000 adiecit,
1347 1946 1478 1989 non
1511 1927 1692 2008 quod
1740 1926 1827 1990 sit
1858 1936 1925 1990 et
1958 1924 2236 1990 uisibilis
2268 1926 2473 2002 DeuS,
2506 1927 2624 1990 sed
2657 1927 2742 1990 ad

325 2028 774 2090 ostensionem
825 2028 1345 2109 magnitudinis;
1390 2030 1444 2092 si
1496 2038 1725 2092 tamen
1780 2029 1845 2092 in
1901 2030 2029 2093 isto
2083 2030 2273 2111 quasi
2326 2030 2391 2092 in
2455 2030 2746 2113 imagine

325 2127 723 2192 inuisibilem
761 2129 945 2193 illam
988 2140 1296 2194 naturam
1344 2131 1668 2208 uidemus,
1702 2152 1783 2195 eo
1824 2132 2004 2215 quod
2050 2131 2401 2215 copulatus
2449 2143 2551 2196 est
2595 2133 2744 2196 Deo
2779 2148 2850 2216 15

323 2229 548 2294 Verbo
598 2243 664 2297 et
714 2232 1031 2297 iudicabit
1080 2253 1349 2296 omnem
1407 2234 1634 2298 orbem
1692 2245 2030 2311 terrarum,
2079 2234 2407 2316 adparens
2453 2233 2596 2315 ipse
2644 2253 2744 2297 se-

327 2333 622 2398 cundum
691 2355 905 2412 suam,
970 2344 1044 2398 ut
1101 2337 1203 2400 sas
1270 2343 1388 2412 est,
1453 2347 1780 2414 naturam,
1847 2338 1913 2400 in
1975 2334 2199 2400 futuro
2262 2334 2530 2398 saeculo
2588 2354 2743 2397 cum

328 2437 539 2500 multa
567 2436 782 2520 gloria
815 2439 1089 2502 ueniens
1129 2439 1215 2503 de
1247 2440 1451 2504 caelo,
1541 2439 1853 2523 imaginis
1894 2440 2199 2503 ordinem
2245 2437 2442 2501 nobis
2482 2437 2741 2514 retinet,

423 2636 454 2678 4
487 2614 640 2666 adicit
668 2614 711 2665 C
730 2631 763 2663 r
992 2614 1023 2664 8
1056 2614 1456 2680 incorruptibiles
1480 2615 1582 2681 (ast
1599 2613 1780 2679 effecti)
1803 2616 1908 2665 add
1930 2616 1973 2666 C
1994 2614 2142 2676 (corr)
2379 2629 2437 2678 ¹3
2471 2613 2625 2664 adicit
2652 2613 2696 2663 C
2714 2630 2747 2663 r

330 2714 388 2762 14
435 2699 703 2762 imaginem
742 2695 812 2746 C*
837 2697 906 2746 H
1094 2709 1151 2758 15
1190 2698 1288 2746 Dei
1323 2697 1390 2746 H
1615 2695 1673 2746 16
1707 2713 1908 2745 omnem
1943 2713 2021 2745 om
2056 2697 2123 2746 H
2314 2709 2370 2759 17
2406 2712 2590 2761 magna
2629 2696 2748 2760 (for

324 2779 504 2840 multa)
529 2795 561 2826 r
767 2776 824 2824 18
857 2776 910 2824 in
932 2776 1126 2839 magnis
1168 2774 1238 2824 C*
1261 2776 1401 2825 Hr:
1432 2782 1513 2825 txt
1538 2777 1583 2826 C
1601 2777 1752 2836 (corr)
1773 2777 1797 2824 l
1821 2775 1830 2840 Ι
1859 2776 2085 2825 ordinem
2108 2792 2185 2825 om
2209 2776 2275 2825 H

397 2935 440 2970 1.
507 2936 631 2986 quae
673 2919 734 2968 ab
777 2935 827 2969 eo
869 2926 1075 2968 correcta
1117 2917 1262 2982 sunt]
1342 2919 1376 2967 i.
1408 2934 1477 2983 q.,

310 3001 743 3054 ‚“directa’'=r&
773 3001 889 3064 παρ’
918 3000 1065 3050 αὐτοῦ
1096 3001 1474 3063 κατορθωθέννα.

327 3085 411 3136 Cf.
433 3101 519 3151 pp.
553 3098 627 3147 52,
652 3084 709 3133 ll.
736 3100 780 3144 2,
814 3097 904 3144 273
940 3099 1052 3146 254,
1077 3083 1111 3132 1.
1140 3098 1186 3131 π.

391 3184 436 3219 a.
509 3169 659 3233 quasi
708 3169 766 3217 de
809 3167 1061 3231 primitie}
1114 3166 1317 3227 nostr-225]
1396 3166 1481 3216 On

324 3251 494 3300 Christ
523 3265 579 3299 as
609 3249 696 3298 the
724 3244 939 3310 ἅπαρχή,
967 3263 1051 3298 see
1080 3246 1256 3308 above,
1282 3264 1335 3312 p.
1366 3261 1473 3310 125,

322 3334 359 3383 1.
389 3336 463 3383 18.

392 3430 441 3479 5.
505 3413 887 3477 redemptionem,
936 3412 1286 3473 renn‘sszbnem]
1370 3412 1481 3462 The

321 3507 426 3549 text
450 3498 615 3547 which
637 3497 736 3545 Th.
768 3495 1001 3544 followed
1037 3495 1248 3544 omitted
1288 3491 1365 3542 διὰ
1393 3492 1484 3542 τοῦ

322 3584 523 3639 aluei-os
567 3577 725 3628 αὐτοῦ.
812 3578 967 3628 Thdt.
1013 3579 1087 3626 ad
1123 3579 1174 3627 Ιι.
1220 3578 1255 3626 Ι.
1301 3577 1480 3625 inserts

322 3665 462 3714 these
485 3663 664 3712 wordS.

388 3762 433 3811 7.
489 3744 911 3808 dicit...fietumm
934 3742 1144 3806 statum]
1188 3743 1368 3806 Comp.
1390 3742 1475 3791 the

319 3844 502 3879 comm.
543 3844 609 3876 on
646 3827 779 3891 Eph.
826 3827 859 3874 i.
899 3840 942 3888 7,
987 3826 1085 3874 and
1127 3833 1268 3874 notes
1314 3826 1468 3873 there.

320 3910 383 3958 In
421 3910 545 3958 both
586 3908 753 3973 places
787 3908 886 3956 Th.
920 3906 1012 3955 has
1048 3906 1350 3955 overlooked
1387 3906 1473 3954 the

320 3998 462 4039 tense
499 3988 557 4039 os
594 3991 784 4049 ἔχομεν,
827 3988 990 4037 which
1027 3995 1077 4035 at
1119 3988 1241 4036 least
1278 3986 1475 4049 implies

319 4087 384 4120 an
436 4071 677 4135 incipient
733 4070 1014 4134 possession
1062 4068 1121 4117 of
1171 4068 1254 4118 the
1306 4070 1476 4129 ἄφεσις

317 4168 376 4202 οι·
411 4151 740 4213 ἀπολύτρωσις
778 4150 827 4199 in
865 4150 950 4198 the
987 4158 1185 4214 present
1219 4148 1322 4198 lise.
1391 4149 1473 4198 Cf.

318 4233 523 4298 Chrys.:
576 4234 618 4280 εἰ
659 4230 758 4293 γὰρ
790 4231 860 4290 μὴ
894 4229 1159 4291 ἀφείθημεν
1192 4228 1290 4278 τῶν
1324 4230 1471 4293 ἁμαρ·

313 4312 556 4374 τημάτων,
582 4311 667 4362 οὐκ
687 4311 746 4360 ἂν
767 4313 1081 4371 μετέστημεν.
1139 4311 1322 4360 Thdt.:
1360 4307 1474 4359 ταῦ-

313 4416 403 4458 την
449 4398 559 4457 ἡμῖν
607 4394 684 4446 διὰ
727 4394 811 4446 τοῦ
855 4397 1091 4458 σωτηρίου
1137 4395 1475 4457 βαπτίσματος

314 4481 607 4542 ἐδωρήσατο.

1648 2935 1695 2986 9.
1765 2921 1837 2968 ad
1849 2921 2109 2984 Ephesios]
2142 2919 2741 2985 c.i.4(“essen08,'’&c.)

1655 3014 1728 3062 13.
1778 3015 1878 3048 non
1901 3001 2033 3064 quod
2047 3001 2117 3048 sit
2136 3008 2183 3049 et
2205 3001 2422 3050 uisibilis
2443 3001 2608 3064 Deus]
2657 3002 2739 3052 Cs.

1579 3081 1669 3130 the
1691 3097 1876 3131 comm.
1901 3097 1967 3130 on
1993 3081 2213 3146 Philipp.
2239 3082 2309 3130 iii.
2336 3097 2378 3144 3.

1653 3176 1734 3225 ¹4·
1787 3163 1845 3211 in
1889 3163 1980 3211 ism
2021 3162 2172 3226 quasi
2224 3162 2281 3210 in
2337 3162 2574 3225 imagine,
2623 3162 2740 3224 δια]

1581 3243 1859 3293 Lansranc:
1906 3243 2003 3292 “in
2040 3242 2245 3291 homine
2281 3242 2485 3292 Christo
2515 3245 2655 3308 quasi
2686 3245 2739 3293 in

1581 3324 1801 3390 imagine
1832 3324 2132 3373 inuisibilem
2166 3323 2302 3372 illam
2333 3323 2560 3373 uidemus
2598 3334 2740 3374 natu-

1581 3423 1714 3464 ram3
1761 3423 1874 3455 nam
1911 3421 2157 3470 apparens
2200 3405 2254 3453 in
2298 3404 2464 3454 futuro
2508 3405 2739 3469 imaginis

1583 3490 1729 3538 nobis
1765 3490 1991 3538 ordinem
2026 3488 2274 3547 retinebit,
2313 3488 2549 3551 quoniam
2586 3489 2637 3537 in
2676 3505 2739 3537 eo

1582 3572 1724 3636 quasi
1753 3572 1803 3620 in
1836 3571 2051 3635 imagine
2080 3570 2332 3634 quandam
2362 3570 2584 3619 diuinam
2621 3586 2736 3619 con·

1583 3655 1796 3703 tinemus
1819 3653 2094 3702 naturam.”

1651 3740 1722 3785 18.
1787 3737 2027 3799 imaginis
2080 3736 2301 3785 ordinem
2357 3736 2495 3785 nohis
2540 3737 2736 3798 retinet]

1576 3817 1711 3877 τάξιν
1735 3819 1903 3879 ἐπέχει
1927 3819 2037 3876 ἡμῖν
2061 3819 2236 3868 εἰκόνος
2265 3818 2346 3877 (cf.
2373 3833 2423 3881 p.
2447 3821 2555 3881 183,
2580 3818 2633 3866 ll.
2651 3822 2728 3877 28,

1585 3904 1682 3967 29).
1729 3902 1842 3960 I.e.‚
1866 3900 1951 3950 the
1973 3900 2112 3949 homo
2132 3909 2377 3965 susceptus
2399 3901 2440 3949 is
2458 3901 2542 3949 the
2561 3901 2736 3950 visible

1575 3982 1864 4045 expression
1896 3980 1954 4029 of
1991 3980 2076 4030 the
2109 3981 2341 4029 invisible
2374 3980 2518 4045 glory
2551 3981 2610 4029 os
2649 3983 2734 4033 the

1577 4064 1762 4113 Divine
1794 4064 1987 4112 Nature
2020 4063 2140 4112 with
2175 4063 2338 4112 which
2375 4064 2458 4112 He
2489 4063 2530 4111 is
2562 4064 2734 4114 united

1579 4147 1629 4195 in
1664 4146 1748 4195 the
1785 4147 1968 4195 Person
1995 4145 2054 4194 os
2077 4146 2262 4195 Christ.
2332 4147 2372 4193 C
2378 4144 2555 4209 hrys.’s
2586 4147 2732 4195 inter-

1581 4229 1827 4293 pretation
1868 4227 1927 4276 os
1964 4229 2100 4276 εἰκών
2142 4244 2196 4276 as
2230 4228 2433 4292 applied
2473 4234 2525 4276 to
2566 4228 2732 4277 Christ

1578 4311 1743 4359 differs
1761 4309 1886 4358 from
1905 4309 2002 4358 this
2021 4310 2071 4356 in
2090 4316 2191 4357 two
2209 4309 2480 4372 important
2499 4318 2732 4371 respects.

1579 4392 1646 4455 (1)
1675 4394 1734 4440 In
1758 4407 1991 4442 common
2016 4392 2136 4440 with
2162 4392 2332 4455 nearly
2355 4390 2422 4439 all
2451 4391 2536 4439 the
2568 4392 2730 4441 ortho-

1577 4477 1676 4524 dox
1711 4475 1931 4539 patristic
1962 4474 2151 4523 writers
2182 4474 2244 4523 he
2273 4475 2472 4537 regards
2496 4473 2580 4522 the
2605 4482 2729 4523 term
