3293 5233
354 413 467 477 IV.
504 411 630 496 25.]

1174 422 1251 472 IN
1305 422 1408 473 ΕΡ.
1455 422 1557 472 ΑΙ)
1603 422 1953 473 GALATAS.
2076 422 2087 436 “
2680 409 2771 491 81,

348 595 675 672 modica,*
725 596 792 659 in
826 616 960 678 qua
991 605 1059 660 et
1091 595 1276 659 locus
1309 604 1450 659 erat
1498 595 1611 660 ille
1660 594 1727 659 in
1775 616 1909 678 quo
1939 595 2339 661 habitabant
2374 594 2762 659 Israhelitae

347 722 429 764 eo
493 701 558 763 in
620 709 925 782 tempore
1000 718 1136 781 quo
1209 700 1805 764 commorabantur
1863 700 1930 764 in
1991 699 2338 784 Aegypt0.
2426 700 2522 764 sic
2581 699 2758 763 enim

346 804 695 867 dicebatur
751 802 937 867 locus
1003 801 1130 877 ille,
1191 802 1364 867 sicut
1423 802 1511 866 de
1571 801 1798 866 divina
1870 802 1940 867 id
2004 803 2323 868 discimus
2398 802 2759 886 Scriptura,

344 907 660 989 quoniam
711 907 782 971 in
828 916 1074 969 terram
1128 904 1363 970 Gessen
1413 905 1717 970 Arabiae
1756 905 2073 971 habitant.
2153 906 2313 989 quia
2375 927 2538 989 ergo
2605 906 2761 969 inde

346 1018 486 1072 erat
520 1007 707 1091 Agar
738 1016 806 1072 et
839 1008 1003 1073 Sina
1035 1028 1227 1071 mons
1258 1008 1344 1070 ad
1391 1006 1684 1071 Arabios
1726 1007 1939 1072 uoluit
1975 1008 2346 1072 ostendere.

2437 1007 2751 1090 quoniam
2792 1022 2822 1097 ς

345 1121 506 1193 apta
557 1120 659 1174 est
706 1108 1070 1174 similitudo
1122 1109 1317 1192 Agar
1366 1109 1453 1173 ad
1505 1118 1699 1173 uetus
1751 1120 2253 1186 testamentum,
2299 1131 2382 1174 eo
2442 1111 2624 1192 quod
2693 1109 2759 1172 in

348 1215 459 1278 illo
491 1215 576 1277 sit
623 1212 983 1290 data'loco,
1015 1213 1129 1296 qui
1177 1212 1363 1277 locus
1406 1213 1492 1277 ad
1527 1221 1800 1295 gentem
1833 1214 2123 1297 pertinet
2166 1214 2352 1278 illam
2394 1214 2572 1277 unde
2617 1225 2760 1277 erat

349 1324 418 1379 et
449 1314 654 1399 Agar.

477 1415 693 1500 †nam
727 1418 903 1499 quod
940 1416 1152 1482 dixit:
1195 1416 1443 1500 adfinis
1486 1426 1583 1481 est
1624 1416 1763 1480 eius
1808 1437 1972 1500 quae
2007 1439 2176 1481 nunc
2201 1426 2298 1480 est
2323 1415 2758 1493 Hierusalem,

350 1520 436 1584 de
486 1520 677 1604 Agar
731 1521 942 1599 dicit3
1018 1530 1090 1583 ut
1152 1520 1334 1584 dicat
1402 1521 1719 1603 quoniam
1785 1520 1935 1605 ‘illa
1992 1542 2167 1604 quae
2225 1522 2405 1605 apud
2478 1541 2599 1584 nos
2659 1535 2759 1585 est
2800 1545 2874 1591 10

485 1744 545 1831 [ὃ
567 1748 692 1831 «γὰρ
716 1745 910 1814 εἶπεν
942 1748 1276 1837 εγωετοιχεῖ
1303 1757 1386 1837 τῷ·
1414 1753 1529 1827 ΝῨΝ
1565 1752 1973 1839 ieporcamiui]
1999 1750 2282 1839 περὶτῆς
2303 1750 2518 1837 ’Άνγαρ
2540 1749 2759 1835 [λέγει’

355 1845 457 1914 ἵνα
503 1852 679 1936 εἴπῃ]
728 1850 830 1917 ὅτι
890 1855 970 1937 τῇ
1020 1850 1174 1941 παρ’
1218 1851 1372 1935 ἡμῖν
1421 1851 1881 1942 Ἰερουσαλήμ,
1931 1856 2268 1922 τουτέστιν
2314 1856 2393 1939 τῇ
2443 1851 2610 1919 κατὰ
2652 1853 2763 1919 τὸν

451 2017 479 2050 2
514 2017 575 2052 eo
598 2011 752 2069 temp.
778 2005 845 2054 H

1128 2027 1157 2069 4
1191 2024 1342 2072 gesen
1371 2008 1415 2058 C
1439 2010 1586 2069 (corr)
1619 2008 1627 2073 Ι
1657 2009 1831 2059 Arabii
1850 2010 1917 2059 H

2189 2022 2215 2070 7
2249 2007 2346 2057 sita
2383 2005 2497 2071 (ἡν
2532 2007 2670 2067 data)
2708 2007 2771 2055 H

358 2098 377 2132 1
394 2100 411 2132 ι
450 2084 604 2136 Coisl.
636 2101 729 2146 204
753 2086 787 2134 l.
803 2103 843 2135 c.
868 2087 1012 2136 τοῦτο
1034 2089 1116 2137 οὖν
1137 2089 1268 2137 θέλει
1292 2090 1445 2138 εἰπεῖν
1467 2091 1576 2152 περὶ
1599 2092 1688 2149 τῆς
1699 2088 1877 2153 Ἅγαρ,
1901 2091 1976 2140 ὅτι
1999 2087 2061 2151 τῇ
2085 2087 2195 2153 παρ’
2218 2091 2344 2149 ἡμῖν,
2369 2091 2515 2138 nauh.

353 2251 566 2285 answers
610 2242 664 2285 to
706 2236 922 2286 τε-καί,
995 2237 1080 2287 On
1125 2236 1211 2287 the
1248 2236 1346 2286 fact
1389 2236 1509 2287 here

353 2318 513 2367 stated
536 2318 604 2381 by
617 2318 737 2375 Th..
752 2334 836 2368 see
853 2318 938 2368 the
954 2319 1244 2368 authorities
1266 2319 1507 2369 collected

355 2400 420 2463 by
443 2400 521 2449 Dr
545 2400 800 2464 Lightsoot
825 2403 895 2464 (p.
918 2402 1020 2461 88).

417 2502 462 2545 4.
542 2483 598 2531 in
631 2489 819 2531 terram
864 2484 1035 2532 Gessen
1074 2483 1169 2533 Ar.
1212 2481 1288 2544 h.]
1382 2481 1509 2532 This

352 2577 511 2613 seems
532 2570 585 2613 to
607 2564 672 2613 be
693 2579 725 2613 a
757 2564 1096 2614 combination
1128 2563 1187 2614 of
1213 2565 1340 2615 Gen.
1369 2563 1506 2612 xlvii.

360 2663 380 2696 1
416 2647 644 2709 (Lxx),
673 2645 774 2697 ἰδού
807 2649 927 2698 εἰσιν
954 2650 1004 2698 ἐν
1036 2649 1106 2711 γῇ
1133 2650 1293 2710 reela
1315 2649 1437 2699 with
1458 2665 1503 2700 c.

354 2728 450 2779 xlxr.
504 2743 580 2788 10,
620 2730 701 2778 καὶ
753 2731 1052 2790 κατοικήσας
1090 2733 1143 2782 ἐν
1180 2729 1252 2794 γῇ
1289 2733 1346 2780 Γ.
1383 2734 1510 2794 Δρα-

351 2810 495 2871 βίου
535 2808 652 2858 xlvi·
688 2825 767 2872 3⁴2
801 2811 877 2859 lm
910 2811 1232 2870 κατοικήσητε
1268 2812 1318 2861 ἐν
1347 2810 1417 2874 ’γῇ
1449 2812 1500 2863 Γ.

350 2886 596 2952 Ἀραβίας.
685 2890 798 2939 The
839 2889 975 2954 gloss
1013 2888 1246 2952 Ἀραβίας
1289 2908 1391 2940 was
1437 2907 1506 2941 re·

352 2972 614 3037 presented
643 2972 697 3021 in
726 2972 811 3022 the
844 2973 913 3023 Ο.
937 2973 1015 3034 L.,
1043 2973 1133 3023 but
1155 2974 1416 3037 expunged
1443 2975 1507 3037 by

349 3053 552 3116 Jerome
594 3052 715 3101 with
760 3053 845 3102 the
883 3053 1078 3102 remark
1125 3054 1258 3103 “hic
1294 3055 1511 3102 Arabiae

352 3134 581 3183 additum
615 3134 805 3184 est-in
848 3135 1095 3185 Hebraeis
1131 3135 1265 3186 enim
1301 3135 1509 3184 volumi·

351 3217 500 3266 nibus
532 3231 634 3265 non
666 3215 911 3276 habetur;
948 3218 1082 3267 unde
1115 3226 1164 3267 et
1198 3233 1332 3266 error
1355 3217 1509 3269 incre·

352 3296 461 3346 buit
485 3296 622 3361 quod
644 3304 775 3346 terra
798 3297 987 3346 Gessen
1012 3297 1062 3345 in
1088 3297 1277 3346 Arabia
1300 3295 1413 3345 sit.''

417 3380 537 3444 quia
593 3395 703 3443 ergo
761 3379 877 3429 inde
931 3387 1039 3429 erat
1099 3380 1189 3440 Α.]
1305 3381 1318 3405 ‘
1338 3380 1513 3444 Hagar

356 3478 457 3510 was
489 3476 555 3510 an
585 3461 837 3526 Egyptian
867 3463 1012 3524 (Gen.
1054 3464 1147 3512 xvi.
1182 3461 1239 3526 1).
1317 3464 1413 3512 But
1446 3479 1510 3512 an

353 3547 508 3594 entire
533 3544 723 3593 district
756 3544 816 3592 os
843 3544 1010 3608 Egypt
1041 3560 1144 3593 was
1165 3544 1416 3608 anciently
1437 3543 1511 3593 in-

353 3627 532 3676 cluded
555 3627 713 3676 under
736 3628 820 3675 the
844 3642 989 3676 name
1022 3625 1081 3674 os
1109 3625 1311 3674 Arabia.
1370 3625 1512 3675 Thus

354 3710 405 3759 in
429 3711 512 3759 the
534 3710 756 3774 allegory
781 3710 957 3773 Hagar
978 3724 1093 3771 may
1115 3708 1226 3757 well
1260 3717 1510 3773 represent

354 3792 439 3842 the
463 3793 684 3842 Arabian
707 3791 966 3840 mountain
991 3791 1145 3841 Sinai.
1171 3789 1269 3839 and
1295 3789 1382 3838 the
1414 3789 1511 3839 law

354 3875 520 3925 which
546 3891 649 3924 was
669 3875 817 3939 given
840 3871 1014 3923 there.’
1071 3873 1141 3922 So
1165 3872 1270 3921 Th:
1287 3872 1512 3936 explains

355 3959 441 4008 the
457 3956 753 4008 connection
777 3956 835 4004 os
851 3955 1063 4019 thought
1088 3955 1138 4004 in
1156 3971 1202 4004 v.
1225 3968 1250 4002 2
1258 3967 1302 4015 5,
1325 3954 1440 4004 read
1457 3970 1511 4004 as

357 4042 394 4091 it
418 4040 562 4091 stood
588 4040 638 4088 in
661 4040 739 4089 his
761 4047 882 4089 text.
945 4037 1158 4088 Neither
1180 4037 1238 4087 os
1262 4037 1348 4087 the
1369 4038 1514 4089 other

356 4131 457 4171 two
522 4129 662 4185 great
724 4120 1038 4170 Antiochene
1091 4118 1368 4183 expositors
1422 4118 1514 4168 has

355 4203 576 4267 adopted
608 4202 706 4251 this
739 4202 881 4250 view.
954 4201 1128 4264 Chrys.
1169 4201 1312 4250 takes
1347 4201 1514 4265 refuge

356 4287 407 4334 in
452 4301 517 4334 an
557 4283 905 4348 etymologiml
948 4284 1303 4347 explanation:
1353 4283 1516 4345 Ἅγαρ

356 4367 560 4428 ἐλέγετο
592 4365 626 4424 ἡ
660 4366 865 4424 δούλη·
912 4362 970 4413 τὸ
1015 4365 1066 4412 δὲ
1111 4365 1170 4412 Σ.
1216 4364 1324 4424 ὅρος
1367 4361 1514 4411 οὕτως

356 4444 753 4509 μεθερμηνεύεται
795 4446 862 4507 τῇ
892 4446 1134 4508 ἐπιχωρίῳ
1165 4445 1324 4494 αὐτῶν
1353 4441 1515 4503 γλώσ·

360 4548 436 4592 σῃ.
513 4532 666 4580 Thdt.
695 4530 841 4579 refers
867 4539 918 4579 to
943 4531 1025 4579 the
1050 4530 1145 4578 fact
1172 4528 1278 4576 that
1301 4525 1515 4590 Hagar’s

535 4647 589 4690 S.

1610 2240 1939 2289 descendants
1961 2239 2138 2289 settled
2163 2240 2212 2288 in
2236 2239 2320 2288 the
2353 2238 2558 2288 Sinaitic
2592 2237 2764 2301 penin-

1611 2322 1718 2370 sula
1737 2338 1750 2370 z
1787 2318 1920 2384 παρὰ
1943 2322 1995 2370 δὲ
2016 2323 2167 2370 ἐκεῖνο
2188 2318 2247 2369 τὰ
2267 2318 2378 2382 ὅρος
2405 2316 2464 2370 τὸ
2496 2322 2581 2380 τῆς
2604 2318 2767 2382 Ἅγαρ

1611 2402 1880 2462 ἐσκήνωται
1899 2404 2055 2464 γένος.

1677 2486 1819 2536 Th.’s
1861 2485 2141 2550 exposition
2185 2485 2243 2534 os
2280 2484 2381 2534 this
2423 2498 2633 2548 passage
2676 2482 2767 2531 has

1611 2566 1766 2616 found
1788 2566 1852 2616 its
1886 2582 1996 2630 way
2020 2565 2236 2631 through
2268 2564 2355 2614 the
2390 2564 2540 2614 Latin
2572 2563 2766 2613 version

1610 2647 1720 2697 into
1742 2647 1827 2697 the
1853 2655 2191 2712 commentat-y
2214 2645 2272 2696 of
2300 2644 2533 2695 Sedulius
2567 2643 2764 2703 Scottis,

1610 2728 1728 2778 who
1750 2728 1900 2778 refers
1920 2736 1974 2778 to
1996 2727 2036 2778 it
2066 2727 2226 2777 under
2258 2726 2345 2776 the
2378 2740 2524 2775 name
2557 2723 2616 2774 of
2643 2726 2767 2773 Am·

1610 2810 1787 2859 brose:
1818 2811 1854 2836 “
1869 2810 1988 2859 item
2010 2809 2281 2859 secundum
2304 2806 2626 2857 Ambrosium
2650 2815 2767 2871 apta

1611 2901 1684 2942 est
1709 2891 1983 2941 similitudo
1999 2893 2138 2955 Agar
2158 2892 2223 2940 ad
2241 2898 2382 2939 uetus
2400 2896 2766 2944 testamentum,

1610 2990 1673 3024 eo
1695 2974 1832 3038 quod
1854 2972 1907 3022 in
1930 2972 2019 3021 illo
2041 2973 2102 3021 sit
2127 2972 2245 3020 data
2266 2970 2379 3020 loco
2413 2970 2499 3033 qui
2532 2969 2671 3018 locus
2703 2970 2766 3016 ad

1610 3059 1810 3116 gentem
1834 3051 2048 3116 pertinet
2071 3050 2207 3098 illam
2231 3050 2362 3098 unde
2384 3056 2488 3098 erat
2522 3056 2573 3097 et
2601 3048 2769 3111 Agar:

1613 3131 1678 3182 A.
1708 3130 1842 3179 enim
1864 3128 2117 3193 Aegyptia
2137 3137 2241 3178 erat
2265 3135 2314 3176 et
2347 3135 2516 3176 tamen
2548 3142 2609 3175 ex
2644 3128 2766 3175 Ara-

1611 3210 1699 3259 bia
1741 3209 1913 3270 fuerat,
1964 3208 2199 3273 quoniam
2246 3223 2348 3256 non
2404 3207 2602 3255 modica
2654 3221 2769 3270 pars

1613 3292 1832 3357 Aegypti
1866 3292 1917 3340 in
1952 3291 2143 3340 Arabia
2178 3290 2577 3339 concludebatur.
2650 3304 2767 3336 nam

1613 3373 1750 3437 quod
1773 3372 1926 3422 dicit:
1964 3371 2133 3436 affinis
2163 3378 2230 3419 est
2258 3373 2361 3421 eius
2392 3370 2483 3433 qui
2511 3370 2631 3431 [sict
2664 3370 2769 3429 ed.]

1615 3471 1751 3504 nunc
1795 3462 1864 3504 est
1903 3455 2230 3514 Hierusaloen,
2279 3455 2344 3503 de
2387 3456 2527 3517 Agar
2569 3452 2763 3510 dicitur,

1614 3538 1849 3603 quoniam
1893 3536 1980 3587 illa
2018 3551 2145 3599 quae
2178 3536 2311 3600 apud
2345 3552 2436 3585 uos
2469 3543 2544 3584 est
2586 3535 2767 3584 Hieru-

1611 3617 1782 3677 salem,
1819 3616 1917 3666 hoc
1949 3624 2040 3676 est,
2069 3617 2272 3680 quaein
2303 3616 2500 3665 saeculo
2534 3615 2629 3664 hoc
2663 3631 2769 3664 esse

1611 3699 1822 3756 uidetur,
1841 3713 2054 3762 aequam
2075 3699 2309 3746 uirtutem
2331 3697 2483 3746 habet
2506 3697 2570 3745 ad
2594 3694 2769 3760 Agar”

1612 3781 1828 3846 (Migne,
1853 3781 1915 3832 P.
1945 3781 2004 3829 L.
2044 3793 2147 3843 103,
2185 3777 2306 3843 ¹90)-

1678 3875 1726 3925 5.
1770 3861 1844 3909 ad
1859 3860 2091 3921 Arabios]
2117 3863 2132 3887 ‘
2150 3861 2428 3925 Belonging
2451 3869 2503 3910 to
2529 3859 2768 3916 Arabin';

1612 3943 1678 3995 cf.
1707 3942 1925 4002 Ronseh,
1955 3943 2104 4002 Itala,
2135 3958 2183 4007 p.
2218 3958 2329 4006 390.

1682 4041 1726 4091 7.
1785 4026 1926 4087 data]
1959 4042 2023 4075 sc.
2058 4026 2092 4085 ἡ
2125 4026 2315 4074 παλαιὰ
2353 4026 2571 4085 διαθήκη.
2658 4025 2770 4074 The

1613 4108 1878 4158 translator
1899 4107 1989 4156 has
2011 4108 2234 4157 retained
2266 4108 2350 4157 the
2382 4108 2572 4170 gender
2601 4105 2659 4154 os
2685 4108 2769 4156 the

1614 4192 1783 4242 Greek
1816 4190 2076 4256 participle
2112 4189 2216 4250 (ἅτε
2249 4191 2301 4238 ἐν
2333 4191 2487 4250 ἐκείνῃ
2532 4189 2770 4237 δοθεῖσα

1613 4275 1679 4336 τῇ
1700 4275 1836 4335 χώρᾳ
1862 4271 1933 4334 (Ρ).
2005 4273 2075 4320 So
2098 4270 2259 4320 below
2284 4273 2355 4336 (p.
2389 4274 2465 4330 82,
2495 4272 2546 4320 ll.
2584 4287 2655 4329 10,
2694 4276 2768 4330 ιῐ)

1615 4361 1704 4407 sub
1737 4360 1842 4418 illa,
1883 4360 2005 4420 ipsa,
2042 4355 2166 4403 refer
2200 4361 2283 4401 not
2320 4362 2373 4401 to
2399 4355 2561 4412 Agar,
2587 4352 2691 4404 but,
2717 4367 2769 4398 τις

1616 4442 1701 4492 the
1737 4447 1936 4492 context
1971 4439 2145 4494 shews,
2187 4445 2240 4485 to
2277 4442 2611 4484 testamentum
2646 4437 2777 4498 quod

1617 4523 1789 4570 datum
1812 4529 1879 4570 est
1903 4521 1955 4568 t‘n
1983 4522 2029 4566 S.

2561 4615 2602 4674 6
