3293 5233
361 369 481 437 VI.
513 368 735 453 6-9.]
1159 382 1243 434 IN
1292 383 1398 435 ΕΡ.
1443 384 1548 434 AD
1592 382 1948 435 GALATAS.
2654 381 2770 451 105

361 563 639 619 naturae
679 552 964 618 mortali.
1056 561 1124 616 et
1160 553 1478 635 quoniam
1512 552 1867 617 eueniebat
1903 552 2165 635 aliquos
2199 572 2345 617 esse
2391 552 2566 617 inter
2606 550 2777 630 illos,

362 678 518 722 nam
573 658 741 721 tales
801 657 1156 740 plurimam
1218 655 1637 739 diligentiam
1686 657 2138 740 properabant
2184 657 2462 741 implere
2509 667 2583 722 ut
2628 657 2781 722 illos

360 762 473 844 qui
507 759 923 843 deliquerant
954 760 1340 823 reducerent
1372 758 1460 822 ad
1490 759 1646 823 fidei
1679 759 2190 842 antiquitatem:

481 911 897 975 communicet
954 911 1221 994 (inquit)
1283 910 1345 974 is
1414 910 1534 994 qui
1599 910 2034 976 catechizatur
2089 910 2354 975 uerbum
2412 910 2478 975 ei
2542 910 2663 996 qui
2714 931 2782 975 se

358 1011 705 1076 catechizat
734 1012 802 1075 iu
831 1013 1128 1076 omnibus
1155 1013 1358 1078 bonis.
2851 1022 2883 1089 5

489 1163 577 1226 ‘si
611 1170 711 1226 est
743 1163 1016 1245 quidam
1049 1163 1162 1245 qui
1195 1164 1395 1227 docet
1415 1163 1541 1238 ¹illa
1572 1183 1746 1246 quae
1772 1163 1993 1228 doceri
2019 1164 2440 1242 conueniunt,
2463 1165 2777 1230 conuenit

353 1264 549 1329 illum
592 1267 705 1347 qui
754 1268 1033 1329 docetur
1077 1265 1276 1329 ualde
1317 1266 1663 1328 intendere
1710 1265 1906 1329 dictis
1953 1266 2142 1342 illius,
2177 1278 2245 1331 et
2290 1268 2357 1331 in
2405 1268 2597 1331 bonis
2640 1267 2777 1329 suis

361 1372 753 1454 participem
801 1371 985 1434 illum
1031 1371 1357 1452 recipere3
1418 1371 1512 1433 ita
1554 1378 1628 1433 ut
1675 1369 1759 1433 de
1805 1370 2046 1452 quibus
2092 1369 2316 1448 habet,
2364 1371 2590 1434 usibus
2636 1370 2777 1433 eius

361 1476 688 1538 ministret
714 1495 730 1554 ;
776 1495 855 1538 eo
887 1472 1069 1556 quod
1100 1495 1232 1536 non
1259 1483 1360 1537 est
1389 1474 1832 1538 demiratione
1862 1475 2158 1558 dignum,
2183 1476 2236 1537 si
2271 1476 2337 1537 in
2368 1473 2781 1557 spiritalibus

361 1578 733 1653 adiuuatuS,
769 1576 1135 1660 corporalia
1166 1579 1225 1641 ei
1264 1577 1350 1641 ad
1385 1577 1669 1640 inuicem
1715 1577 1910 1641 suerit
1942 1580 2121 1641 uisus
2154 1561 2561 1643 ministrare!
2650 1580 2777 1644 hoc
2812 1590 2889 1637 10

360 1691 588 1745 autem
650 1680 813 1744 utile
872 1681 1167 1763 utrisque
1226 1688 1491 1763 poterat
1552 1701 1738 1760 esse;
1814 1690 1881 1745 et
1928 1681 2056 1745 illis
2116 1683 2229 1765 qui
2293 1682 2639 1758 docebant,
2702 1692 2776 1748 ut

361 1785 890 1866 animaequiores
944 1784 1310 1846 existentes
1363 1784 1697 1859 docerent,
1747 1793 1815 1848 et
1871 1784 1998 1848 illis
2052 1786 2354 1850 similiter
2402 1789 2514 1870 qui
2566 1789 2774 1856 disce-

361 1887 540 1950 bant.
634 1906 789 1949 nam
822 1885 1158 1967 conligare
1186 1886 1499 1969 cupiebat
1540 1908 1655 1950 eos
1687 1888 1753 1950 in
1786 1888 2026 1953 affectu
2059 1889 2426 1966 doctorum,
2459 1911 2500 1954 a
2535 1893 2776 1972 quibus

361 1996 429 2051 et
475 1989 714 2052 eruditi
774 1991 961 2071 quasi
1015 1989 1347 2053 debitores
1398 2009 1626 2053 eorum
1675 1992 1931 2073 seipsos
1992 1991 2314 2055 deberent
2372 1993 2774 2059 existimare.

362 2092 489 2156 hoc
538 2092 822 2156 faciebat
874 2092 1096 2167 etiam,
1150 2100 1223 2154 ut
1271 2101 1339 2154 et
1386 2093 1718 2157 dictorum
1792 2097 2104 2159 iuuamen
2160 2114 2310 2157 cum
2374 2097 2583 2161 multa
2635 2110 2880 2180 sus-15

362 2198 658 2278 ciperent
701 2195 1085 2260 reuerentia.
1177 2194 1419 2260 deinde
1457 2196 1698 2261 iterum
1744 2197 1830 2261 ad
1874 2199 2202 2280 integram
2235 2194 2773 2273 exhortationem

362 2295 667 2381 proficit:
1963 2305 1971 2314 '

489 2452 684 2516 nolite
736 2473 973 2516 errare.
1062 2452 1243 2515 Deus
1301 2472 1428 2514 uon
1488 2451 1824 2517 irridetur.
1914 2451 2090 2534 quod
2137 2451 2312 2516 enim
2368 2453 2517 2535 quis
2586 2453 2775 2516 semi-

361 2556 637 2632 uauerit,
666 2554 779 2619 hoc
801 2565 865 2618 et
893 2565 1080 2619 metet
1097 2577 1127 2631 ,·
1173 2554 1480 2638 quoniam
1519 2553 1639 2637 qui
1676 2554 1959 2618 seminat
1998 2555 2067 2619 in
2098 2576 2290 2619 carue
2314 2576 2452 2633 sua,
2483 2555 2563 2619 de
2587 2576 2781 2632 carue

361 2668 550 2722 metet
602 2658 1104 2739 corruptionem;
1175 2659 1294 2740 qui
1340 2669 1554 2722 autem
1600 2660 1885 2724 seminat
1940 2661 2013 2725 in
2069 2660 2348 2743 Spiritu,
2387 2661 2468 2725 de
2515 2662 2775 2745 Spiritu
2803 2679 2887 2726 20

363 2770 550 2824 metet
576 2760 785 2824 uitam
814 2772 1164 2826 aeternam.

493 2923 966 3004 compendiose
1019 2924 1270 3005 inquit:
1325 2924 1509 2985 ‘siue
1562 2923 1674 2985 illa
1721 2922 1870 3004 quis
1921 2944 2094 3005 quae
2142 2924 2356 2986 carnis
2408 2932 2565 2988 sunt
2616 2924 2777 3007 agit,

362 3025 524 3089 talia
590 3029 899 3110 recipiet;
964 3029 1105 3091 siue
1167 3028 1459 3104 meliora,
1523 3028 1897 3089 mercedem
1960 3027 2243 3108 accipiet
2303 3048 2590 3108 aequam
2651 3048 2774 3093 suo

359 3130 603 3195 labori.’
695 3142 762 3194 et
794 3132 950 3213 quia
982 3130 1279 3193 laborem
1312 3129 1605 3193 habebat
1638 3131 1960 3193 uirtutum
1994 3130 2289 3206 directi0,
2323 3130 2571 3196 adicit:

490 3285 722 3348 bonum
780 3293 994 3346 aulem
1035 3281 1357 3364 facientes
1413 3302 1540 3346 uon
1611 3281 2003 3366 deficiamus.
2094 3291 2362 3364 tempore
2429 3283 2601 3347 euim
2659 3303 2775 3347 suo
2800 3303 2835 3349 2
2847 3300 2878 3367 5

361 3399 663 3452 metemus
691 3407 816 3450 uon
830 3385 1139 3468 fatigati.

492 3535 661 3598 bene
711 3533 795 3596 ad
850 3552 1078 3595 semen
1129 3531 1317 3603 redit,
1368 3551 1653 3595 messem
1697 3531 1926 3594 dicens
1970 3531 2351 3595 mercedum
2399 3553 2545 3597 esse
2590 3537 2773 3598 retri-

367 3783 372 3792 .
457 3739 485 3786 3
520 3723 861 3787 delinquerant
892 3720 962 3770 C*
1242 3737 1290 3782 42
1317 3735 1344 3783 5
1390 3719 1699 3780 catecizatur,
1728 3720 1975 3779 catecizat,
2007 3720 2050 3768 C
2069 3720 2372 3779 catezizatur,
2397 3721 2628 3770 catezizat
2652 3722 2719 3770 H
2739 3721 2747 3784 Ι

359 3805 522 3854 uerbis
545 3805 611 3852 H
763 3802 794 3853 6
827 3803 1027 3867 quidem
1058 3802 1100 3851 C
1122 3802 1286 3861 (corr.)
1321 3800 1328 3864 Ι
1356 3802 1533 3851 docere
1555 3800 1691 3850 C*H
1867 3816 1924 3849 10
1956 3800 2152 3850 adiutus
2181 3802 2222 3849 C
2245 3802 2391 3862 (corr)
2419 3800 2427 3865 Ι
2458 3803 2522 3850 ad
2544 3803 2706 3851 uicem
2734 3803 2779 3852 C

367 3888 423 3934 18
457 3885 542 3949 qui
571 3883 639 3933 C*
845 3899 901 3947 19
935 3884 998 3932 de
1024 3883 1137 3947 (for
1158 3883 1229 3942 in)
1254 3883 1323 3930 H
1509 3898 1586 3945 25,
1617 3880 1681 3930 26
1714 3897 1856 3930 suum
1881 3889 2122 3930 metemur
2150 3879 2220 3930 C*

423 4075 469 4108 α.
563 4073 683 4105 nam
718 4056 849 4115 tales,
878 4055 994 4115 &c.]
1061 4056 1108 4103 It
1145 4054 1185 4104 is
1218 4054 1424 4103 difficult
1461 4063 1514 4102 to
1618 4053 1805 4102 Amiat.
1856 4053 1967 4102 The
1987 4054 2298 4102 Clementine
2316 4053 2466 4117 Vulg.
2485 4055 2670 4117 prefers
2689 4055 2774 4105 the

359 4142 552 4190 believe
597 4139 702 4187 that
748 4138 832 4186 the
878 4138 1032 4186 MSS.
1069 4153 1153 4186 are
1199 4137 1329 4200 right
1375 4137 1506 4186 here.
1619 4136 1767 4184 Latin
1812 4136 2147 4184 construction
2193 4135 2534 4184 “catechizari
2580 4135 2772 4184 uerbo.”

361 4225 536 4272 Either
558 4237 695 4270 some
726 4235 860 4268 error
892 4219 1030 4267 lurks
1064 4220 1114 4267 in
1147 4235 1266 4266 nam
1301 4220 1433 4275 tales,
1458 4233 1516 4266 or
1617 4216 1701 4267 On
1723 4218 2022 4276 catechizare,
2052 4233 2134 4266 see
2160 4217 2376 4276 Rfinsch,
2405 4218 2558 4273 Itala,
2582 4233 2631 4281 p.
2658 4221 2770 4280 248.

358 4322 390 4356 a
414 4306 513 4354 line
537 4305 626 4352 has
650 4301 797 4350 fallen
822 4309 909 4349 out
932 4301 1058 4348 after
1078 4302 1209 4348 inter
1229 4300 1350 4348 illos.
1688 4316 1762 4349 10.
1829 4299 2117 4359 adiuuatus]
2165 4301 2258 4347 See
2281 4314 2333 4362 p.
2359 4314 2439 4364 92,
2468 4299 2498 4348 1.
2537 4314 2611 4348 ιτ.

425 4408 473 4449 4.
544 4384 637 4449 qui
653 4382 974 4432 catechizatur
1000 4381 1223 4441 uerbum]
1274 4381 1300 4430 ὁ
1333 4398 1508 4442 κατηχ.
1688 4395 1761 4442 15.
1828 4380 2088 4444 dictorum]
2133 4380 2204 4430 So
2233 4380 2357 4430 both
2391 4380 2548 4432 MSS,
2607 4380 2770 4432 Pitra:

360 4467 461 4518 τὸν
505 4467 708 4528 λόγον.
779 4465 849 4514 50
891 4463 955 4513 Ο.
1002 4464 1060 4513 L.
1107 4464 1207 4511 and
1252 4462 1337 4512 the
1381 4462 1513 4512 Cod.
1614 4463 1879 4514 doctorum.
