3293 5233
499 417 575 465 12
1150 413 1607 466 ‘rnssononus
1654 409 2239 465 MOPSUESTENUS
2518 398 2595 483 [Ι.
2640 415 2907 477 ιο-ι4.

617 606 684 672 si
708 605 881 671 enim
911 606 1124 671 adhuc
1145 604 1517 671 hominibus
1529 605 1869 689 placerem,
1907 601 2165 671 Christi
2184 622 2414 667 seruus
2442 624 2568 668 non
2597 622 2809 668 essem,

624 740 864 822 ‘igitur
889 748 1052 805 tunc
1079 739 1464 804 hominibus
1508 736 1883 822 placebam,
1914 735 2190 819 quando
2232 755 2359 818 pro
2402 733 2554 818 lege
2597 734 2908 799 uniuersa

492 843 819 926 agebam;
887 864 1062 927 quae
1109 843 1356 908 nullius
1398 842 1723 906 momenti
1769 839 1916 920 feci,
1962 859 2047 904 eo
2090 839 2273 922 quod
2322 836 2592 903 Christo
2631 836 2907 901 ulterius

494 947 742 1011 seruire
772 966 880 1010 me
911 944 1231 1030 probaui!

430 1103 462 1170 5
620 1098 842 1153 notum
869 1100 1085 1154 autem
1115 1089 1295 1155 uobis
1303 1088 1512 1173 facio,
1541 1088 1824 1171 fratres,
1853 1084 2263 1170 euangelium
2298 1085 2476 1169 quod
2504 1085 2908 1169 euangeliza-

496 1200 637 1255 tum
664 1201 762 1254 est
787 1213 830 1256 a
858 1213 975 1270 me,
1003 1192 1310 1276 quoniam
1340 1213 1465 1257 non
1494 1201 1590 1256 est
1614 1189 1961 1255 secundum
1989 1189 2330 1254 hominem.

630 1329 783 1393 ‘illa
830 1329 1033 1414 igitur
1083 1350 1260 1413 quae
1317 1350 1478 1414 erga
1536 1350 1646 1393 me
1705 1337 1862 1393 sunt
1921 1336 2085 1391 nota
2141 1325 2334 1390 uobis
2394 1324 2584 1404 facie,
2639 1332 2715 1389 ut
2774 1343 2906 1386 non

495 1431 792 1497 humana
849 1453 959 1496 me
1016 1433 1313 1525 quadam
1387 1432 1867 1498 adinuentione
1941 1430 2314 1495 doctrinam
2389 1448 2595 1513 quam
2668 1428 2911 1493 abutor

494 1536 1025 1619 praesumpsisse
1072 1535 1510 1603 existimetis?
1600 1537 1721 1602 sed
1767 1534 1950 1600 unde
1987 1555 2150 1618 ergo
2189 1532 2399 1599 habes
2444 1532 2631 1597 illam
2676 1550 2911 1613 accep-

395 1656 473 1707 10
499 1649 639 1703 tam
664 1638 689 1703 ?

627 1805 736 1849 nec
759 1785 931 1850 enim
959 1807 1069 1869 ego
1097 1785 1180 1851 ab
1206 1786 1464 1850 lzomine
1486 1783 1734 1868 suscepi
1758 1784 1942 1863 illud,
1972 1805 2167 1867 neque
2191 1782 2401 1848 didici
2436 1782 2622 1859 illud,
2653 1781 2772 1846 sed
2790 1792 2919 1865 per

498 1888 944 1953 reuelationem
971 1890 1121 1954 Iesu
1157 1888 1420 1956 Christi.

630 2027 876 2091 deinde
907 2036 975 2091 et
1023 2026 1488 2110 probationem
1531 2027 1728 2090 rebus
1772 2026 1931 2110 ipsis
1978 2024 2234 2108 implet,
2279 2025 2568 2089 referens
2614 2043 2695 2087 ea
2739 2042 2914 2105 quae

503 2127 869 2191 secundum
917 2149 990 2192 se
1041 2137 1215 2204 sunt,
1246 2137 1314 2193 et
1344 2127 1558 2211 qualis
1604 2137 1751 2192 erat
1790 2127 2046 2192 dudum
2093 2149 2214 2211 pro
2261 2128 2408 2210 lege
2448 2126 2800 2202 desudanS,
2845 2133 2915 2189 et

403 2244 473 2311 15
506 2230 824 2312 quoniam
887 2251 1085 2294 nemo
1144 2229 1491 2295 hominum
1553 2231 1789 2295 uolens
1849 2252 2004 2295 eum
2064 2231 2430 2315 corrigere3
2504 2230 2764 2314 hocque
2823 2248 2912 2292 ex

507 2335 1007 2416 comparatione
1064 2343 1366 2398 ueterum
1449 2334 1596 2400 uult
1654 2334 2027 2409 ostendere,
2087 2334 2410 2418 quoniam
2484 2354 2621 2397 non
2695 2332 2912 2417 legem

507 2438 780 2520 spreuit,
813 2438 930 2501 sed
962 2439 1146 2521 quod
1194 2439 1432 2502 melius
1463 2446 1565 2502 est
1606 2448 1675 2503 et
1717 2438 2107 2520 recognouit
2153 2447 2221 2502 et
2261 2436 2480 2520 elegit.
2571 2444 2641 2502 et
2685 2447 2916 2520 aperte

509 2540 654 2606 uult
712 2543 1125 2626 conprobare
1177 2544 1496 2626 quoniam
1545 2564 1585 2607 a
1636 2541 1905 2607 Christo
1958 2541 2191 2606 didicit
2238 2541 2385 2605 solo
2436 2539 2548 2604 illa
2598 2561 2774 2624 quae
2826 2540 2915 2603 ad

506 2668 822 2731 praesens
868 2657 1097 2713 tenere
1141 2649 1421 2725 uidetur,
1454 2670 1574 2731 per
1613 2647 1797 2711 illam
1848 2646 2322 2710 reuelationem
2368 2666 2545 2728 quae
2589 2647 2677 2711 de
2728 2645 2918 2710 caelo

399 2766 485 2815 20
510 2752 686 2816 facta
730 2760 835 2817 est
878 2753 967 2817 ad
1006 2773 1205 2830 eum;
1251 2753 1526 2835 quando
1565 2773 1638 2816 se
1680 2753 1741 2816 ei
1785 2752 2220 2816 manifestans
2253 2753 2540 2816 eundem
2586 2752 2768 2816 uisus
2812 2761 2915 2816 est

507 2856 891 2934 correxisse,
917 2858 1192 2941 quando
1223 2869 1292 2923 et
1321 2858 1490 2941 legis
1521 2866 1665 2922 erat
1697 2857 2057 2921 uehemens
2088 2856 2504 2921 aemulator:

635 2998 918 3063 audistis
965 2999 1138 3064 enim
1188 3001 1725 3065 conuersationem
1785 3021 1993 3064 meam
2044 2999 2397 3083 aliquando
2456 2999 2527 3064 in
2575 2997 2916 3077 iudaismo,

504 3103 809 3183 quoniam
858 3113 1059 3185 supra
1106 3103 1367 3167 modum
1411 3102 1839 3186 persequebar
1892 3103 2209 3167 ecclesiam
2269 3103 2417 3179 Dei,
2465 3113 2528 3167 et
2575 3102 2917 3167 uastabam

503 3224 664 3268 eam.
750 3212 816 3266 et
838 3204 1251 3289 proficiebam
1282 3206 1351 3268 in
1385 3203 1711 3269 iudaismo
1747 3216 1947 3287 supra
1997 3205 2234 3269 multos
2270 3215 2627 3269 coaetaneos
2655 3226 2822 3269 meos
2849 3205 2920 3268 in

397 3326 433 3371 2
445 3321 474 3388 5
496 3323 725 3386 genere
764 3326 912 3379 meo,
958 3305 1402 3376 abundantius
1442 3306 1807 3371 aemulator
1844 3305 2117 3371 existens
2149 3316 2574 3389 paternarum
2626 3328 2919 3372 mearum

505 3405 956 3475 traditionum.

635 3552 809 3616 bene
839 3562 908 3617 et
934 3563 1291 3618 coaetaneos
1319 3554 1536 3633 dixit;
1582 3555 1712 3620 hoc
1742 3556 1918 3620 enim
1952 3563 2095 3620 erat
2128 3553 2358 3630 maiuS,
2382 3552 2438 3616 si
2471 3563 2539 3617 et
2571 3553 2922 3619 iuuenibus

509 3656 968 3720 uehementior
1028 3677 1175 3720 esse
1234 3657 1592 3723 uidebatur
1652 3660 1721 3722 in
1782 3659 1911 3722 illis
1970 3658 2310 3722 laboribus
2370 3679 2540 3739 quos
2599 3677 2722 3740 pro
2775 3657 2922 3741 lege

505 3761 728 3826 subire
769 3761 1130 3827 nitebatur.
1224 3762 1426 3825 ‘talia
1457 3762 1660 3845 igitur
1697 3770 1887 3826 erant
1916 3761 2031 3826 illa
2061 3782 2237 3844 quae
2268 3781 2427 3843 erga
2462 3781 2572 3825 me
2617 3771 2823 3838 erant,
2855 3771 2924 3826 et

397 3885 482 3950 30
508 3865 663 3929 talis
722 3884 906 3928 eram
958 3865 1218 3929 dudum
1273 3867 1339 3929 in
1400 3865 1564 3950 lege.
1659 3875 1957 3930 uestrum
2019 3867 2153 3930 iam
2214 3863 2390 3928 ultra
2462 3872 2566 3928 est
2640 3864 2924 3947 probare

606 4049 634 4097 3
670 4033 756 4099 qui
780 4033 894 4098 (sor
911 4036 1060 4099 quae)
1089 4034 1158 4085 C*
1183 4036 1253 4084 H
1263 4035 1399 4100 quod
1427 4036 1471 4086 C
1491 4034 1634 4101 (corr)
1876 4050 1908 4101 9
1942 4036 2247 4085 existimetur
2275 4034 2345 4084 C*
2375 4032 2384 4100 Ι
2414 4035 2501 4085 sed
2525 4051 2601 4084 om
2632 4036 2677 4085 C
2696 4033 2841 4100 (corr)
2868 4036 2936 4085 H

514 4129 569 4163 12
604 4115 895 4165 relationem
924 4114 996 4166 C*
1178 4115 1238 4166 16
1270 4119 1425 4166 ueteri
1448 4117 1516 4166 l!
1662 4132 1719 4181 ¹9
1750 4117 2067 4167 uidenturH
2244 4130 2302 4165 21
2342 4115 2435 4166 erit
2464 4115 2535 4167 C*
2680 4132 2740 4166 22
2776 4118 2925 4166 etiarn

509 4200 622 4264 (for
652 4200 806 4262 enim)
841 4201 910 4250 H
1052 4202 1114 4250 28
1148 4200 1283 4265 quod
1310 4198 1420 4265 (jor
1438 4199 1579 4266 quos)
1613 4200 1683 4249 C*
1709 4201 1777 4249 H
1844 4203 1845 4206 ’

578 4367 623 4416 5.
659 4361 829 4403 nolum
851 4354 1034 4416 autem]
1067 4354 1280 4418 γνωρίζω
1304 4354 1356 4404 δέ
1370 4368 1383 4403 2
1407 4370 1465 4405 so
1484 4354 1668 4419 Chrys.
1841 4369 1912 4417 14.
1984 4354 2150 4419 qualis
2168 4359 2387 4403 erat-..et
2412 4352 2570 4417 aff]
2604 4351 2751 4402 cited
2775 4351 2928 4416 sreely

509 4437 663 4487 Thdt.
736 4437 847 4486 The
885 4439 1034 4487 Latin
1079 4439 1300 4488 versions
1337 4439 1438 4488 and
1479 4437 1665 4488 fathers
1771 4438 1838 4501 by
1874 4437 2123 4486 Lanfranc
2144 4436 2246 4486 and
2282 4436 2474 4485 Robert
2507 4434 2566 4485 of
2601 4435 2660 4484 Β.
2722 4435 2780 4485 L.
2820 4435 2927 4484 also

508 4519 631 4578 (cxc.
665 4517 936 4581 Ambrstr.)
963 4520 1149 4568 exhibit
1177 4520 1325 4568 enim.
1772 4520 1892 4569 cites
1916 4518 1965 4569 ll.
2000 4535 2077 4583 27,
2108 4521 2170 4568 28
2196 4517 2414 4583 (below).
