3293 5233
1109 414 1188 464 1N
1239 414 1345 464 ΕΡ.
1396 413 1499 462 AD
1546 411 1915 463 EPHEsloS.
2601 410 2718 476 113

305 593 820 667 cognoscentem
861 584 1227 667 gratiarum
1273 604 1396 667 pro
1429 582 1558 646 illis
1588 581 1806 646 facere
1849 580 2206 659 actionem,
2237 581 2293 644 si
2332 601 2447 645 eos
2477 579 2719 645 alicubi

308 686 411 750 uel
446 687 736 761 uidisset,
771 685 876 750 uel
908 686 996 750 ad
1029 686 1336 751 notitiam
1368 687 1510 751 eius
1542 684 1681 750 ulla
1711 685 1969 749 ratione
2000 683 2227 748 uenire
2257 686 2647 769 potuissent.

436 792 643 858 habet
701 801 928 856 autem
989 788 1137 872 ipsa
1196 788 1483 871 epistola
1542 787 1769 870 aliqua
1829 807 1919 850 ex
1970 794 2160 870 parte
2220 788 2722 854 similitudinem

308 897 672 960 secundum
722 891 1134 958 intellectum
1183 891 1272 955 ad
1320 890 1510 956 illam
1559 889 1915 974 epistolam
1972 910 2174 973 quam
2221 891 2309 955 ad
2375 892 2724 959 Romanos

311 996 565 1060 dudum
619 995 956 1077 scripsisse
1006 993 1286 1058 uidetur.
1377 1013 1535 1057 nam
1584 1001 1654 1057 et
1704 992 1772 1055 in
1822 991 1938 1056 illa
1990 992 2314 1057 adnititur
2371 997 2724 1062 ostendere
2796 997 2827 1063 5

315 1098 559 1162 Christi
601 1100 968 1162 aduentum
1009 1095 1392 1159 hominibus
1446 1095 1812 1160 multorum
1865 1096 2193 1161 bonorum
2239 1117 2509 1163 causam
2551 1103 2727 1167 exti-

313 1201 471 1265 tisse
502 1200 914 1265 conlatorum
932 1216 949 1274 ;
981 1199 1164 1280 quod
1196 1208 1264 1261 et
1295 1198 1362 1261 in
1390 1198 1517 1263 hac
1536 1196 1822 1281 epistola
1852 1197 2157 1262 similiter
2186 1198 2418 1265 secisse
2449 1202 2731 1268 uidetur.

314 1303 381 1366 in
425 1302 552 1368 hac
596 1325 757 1387 ergo
803 1313 995 1387 parte
1043 1300 1412 1366 similitudo
1474 1300 1773 1365 saluatur
1830 1299 2172 1383 epistolae.
2261 1302 2328 1365 in
2387 1302 2730 1366 schemate

318 1427 475 1471 uero
524 1415 590 1471 et
645 1408 882 1471 ceteris
923 1405 1053 1468 illis
1097 1425 1272 1488 quae
1314 1404 1399 1467 ad
1450 1404 1958 1487 promissionem
2000 1406 2099 1468 sui
2141 1404 2387 1470 abusus
2430 1415 2533 1470 est
2578 1429 2731 1490 pro-

319 1512 519 1591 positi
572 1509 929 1593 plurimam
997 1507 1294 1571 inueniet
1347 1508 1496 1589 quis
1547 1508 2107 1583 immutationem,
2166 1509 2369 1572 modo
2428 1509 2483 1571 si
2537 1517 2730 1573 caute
2765 1517 2843 1565 10
2914 1560 2917 1565 .

320 1615 514 1679 dictis
562 1614 908 1677 intendere
953 1611 1256 1676 uoluerit.
1347 1611 1481 1674 illic
1527 1610 1706 1674 enim
1748 1611 2270 1693 disputationem
2318 1631 2469 1676 cum
2517 1612 2732 1677 multo

321 1737 537 1800 agone
596 1725 665 1779 et
723 1715 1040 1779 examine
1101 1713 1351 1778 faciens
1412 1713 1721 1777 docuisse
1782 1712 2068 1776 uidetur.
2160 1713 2377 1795 primo
2439 1715 2506 1776 in
2565 1713 2730 1786 loco,

324 1820 505 1903 quod
555 1819 1083 1884 aduersariorum
1134 1818 1425 1899 arguerit
1467 1817 1809 1899 dogmata,
1849 1816 2173 1901 gentium,
2217 1817 2462 1899 inquio,
2510 1826 2577 1881 et
2625 1818 2737 1881 Iu-

325 1921 663 1984 daeorum.
748 1920 997 1984 deinde
1034 1919 1541 2001 comparatione
1581 1919 1879 1982 ostendit
1912 1918 2157 1983 Christi
2198 1920 2532 1984 aduentus
2561 1920 2739 1984 utili-

321 2028 581 2097 tatem;
626 2029 693 2085 et
736 2020 867 2085 hoc
911 2041 1043 2093 non
1089 2020 1478 2102 simpliciter
1530 2041 1747 2103 neque
1790 2019 2111 2099 absolute,
2159 2022 2276 2085 sed
2322 2042 2474 2086 cum
2524 2024 2739 2088 multo
2772 2032 2841 2098 15

326 2123 641 2187 examine
697 2124 770 2205 id
831 2124 1048 2207 egisse
1109 2124 1390 2199 uidetur,
1453 2132 1527 2186 ut
1585 2123 1751 2187 nihil
1811 2123 2344 2188 inexaminatum
2419 2124 2739 2189 subrelin-

327 2234 559 2307 queret
611 2247 702 2290 ex
751 2225 880 2291 illis
953 2247 1125 2309 quae
1190 2226 1553 2290 aduersarii
1613 2225 1703 2289 ad
1764 2226 2284 2289 destructionem
2345 2226 2739 2310 dogmatum

328 2331 599 2414 pietatis
631 2331 926 2394 inuenire
971 2351 1044 2394 se
1088 2350 1286 2413 posse
1330 2329 1831 2394 existimabant.
1920 2348 2075 2392 nam
2121 2329 2238 2394 illa
2283 2351 2456 2413 quae
2501 2331 2745 2395 doctri-

331 2453 486 2497 nam
518 2432 764 2497 habere
797 2434 1108 2497 uidentur
1138 2453 1365 2496 eorum
1398 2452 1570 2515 quae
1609 2452 1651 2495 a
1692 2431 1959 2496 Christo
2001 2432 2194 2496 nobis
2234 2440 2390 2495 sunt
2422 2433 2744 2514 praestita

331 2532 529 2597 ualde
580 2536 729 2618 quis
784 2544 853 2599 et
905 2544 1099 2599 caute
1152 2535 1596 2609 consideranS,
1641 2532 2005 2599 infirmiora
2052 2535 2349 2599 inueniet
2390 2533 2521 2597 illis
2571 2553 2745 2616 quae
2772 2544 2857 2590 20

332 2644 648 2707 aduersus
703 2642 1117 2707 aduersarios
1177 2641 1355 2704 dicta
1408 2648 1566 2703 sunt
1625 2640 1715 2704 ab
1775 2661 1856 2703 eo
1880 2660 1897 2720 3
1973 2649 2041 2705 et
2100 2638 2232 2703 hoc
2290 2641 2545 2722 optime
2596 2639 2745 2721 quis

333 2753 780 2826 recognoscet,
832 2745 888 2807 si
941 2740 1265 2825 epistolae
1325 2763 1366 2806 a
1425 2743 1619 2806 nobis
1674 2743 2147 2825 interpretatae
2198 2752 2464 2808 textum
2519 2741 2751 2805 decur-

333 2866 499 2920 renS,
550 2847 790 2912 librare
836 2865 1061 2911 secum
1115 2845 1296 2909 dicta
1355 2844 1660 2911 uoluerit.
1752 2848 1819 2909 in
1877 2846 2005 2912 hac
2066 2868 2226 2912 uero
2273 2848 2574 2931 epistola,
2624 2847 2749 2911 sub

333 2954 557 3035 specie
605 2953 967 3035 gratiarum
1020 2950 1303 3013 actionis
1356 2949 1472 3013 illa
1521 2948 1823 3032 explicat
1883 2970 2059 3033 quae
2117 2972 2159 3015 a
2221 2951 2491 3015 Christo
2556 2951 2750 3015 nobis

334 3063 495 3118 sunt
561 3053 900 3136 praestita,
960 3050 1157 3114 simul
1205 3053 1565 3115 ostendens
1631 3051 1815 3135 quod
1868 3053 2165 3116 aduentu
2210 3073 2333 3117 suo
2386 3053 2749 3117 multorum
2777 3060 2854 3126 25

440 3230 462 3263 1
499 3219 832 3277 cognoscente
860 3211 1000 3261 C'H
1017 3209 1026 3276 Ι
1056 3210 1203 3260 alicui
1232 3210 1303 3261 C*
1309 3211 1369 3261 H
1501 3212 1620 3261 mali
1644 3211 1923 3276 (befalicui)
1948 3212 2054 3262 add
2068 3213 2137 3262 H
2294 3227 2321 3261 2
2355 3212 2597 3277 potuisset
2624 3212 2766 3262 C'H

338 3307 366 3358 5
401 3310 522 3344 nam
541 3294 693 3344 etiam
717 3293 804 3342 illa
825 3293 890 3342 ad
914 3293 1143 3342 notitiam
1169 3291 1283 3357 (for
1301 3291 1738 3357 narn—adnititur)
1764 3295 1831 3343 H
2079 3297 2109 3344 8
2142 3301 2365 3344 seruatur
2387 3294 2498 3358 (for
2517 3292 2755 3358 saluatur)

342 3378 384 3428 C
406 3374 551 3440 (corr)
863 3388 896 3439 9
927 3375 992 3424 ad
1014 3391 1092 3424 om
1117 3375 1177 3425 H
1472 3387 1529 3435 13
1563 3376 1723 3441 inquit
1748 3377 1817 3425 H
2161 3388 2214 3437 15
2252 3377 2340 3426 sed
2362 3376 2477 3440 (sor
2497 3374 2675 3442 neque)
2702 3377 2769 3425 H

343 3473 398 3522 17
434 3457 820 3508 adstructionem
849 3455 992 3506 C*H
1190 3470 1250 3518 23
1287 3455 1499 3506 noluerit
1522 3457 1591 3506 H

406 3614 455 3663 8.
513 3613 569 3662 in
602 3611 847 3668 schemate,
878 3607 992 3670 δια]
1031 3608 1146 3656 “In
1177 3606 1264 3656 the
1297 3606 1416 3671 plan
1447 3606 1506 3657 of
1600 3608 1776 3668 Thdt.,
1801 3609 2044 3670 however,
2073 3610 2248 3660 dwells
2281 3616 2333 3660 at
2365 3610 2538 3675 length
2571 3626 2639 3660 on
2673 3610 2758 3660 the

340 3692 427 3743 the
450 3692 646 3755 Epistle
671 3691 772 3738 and
797 3689 847 3737 in
871 3689 955 3737 the
986 3686 1204 3737 detailed
1235 3694 1501 3737 treatment
1601 3691 1868 3756 polemical
1890 3692 2144 3742 character
2172 3693 2232 3742 of
2256 3692 2365 3741 that
2390 3694 2507 3758 Ep.,
2535 3708 2758 3758 compar·

344 3775 404 3824 of
426 3773 511 3823 the
534 3767 777 3835 subject-'³
845 3769 996 3819 Card.
1034 3769 1170 3817 Pitra
1205 3767 1355 3818 refers
1385 3776 1438 3818 to
1471 3784 1503 3817 a
1599 3773 1691 3836 ing
1724 3774 1809 3823 the
1844 3774 2008 3823 writer
2030 3781 2083 3823 to
2112 3789 2143 3823 a
2172 3773 2502 3838 beleaguered
2524 3775 2759 3839 general:

342 3870 550 3920 passage
573 3853 634 3902 of
657 3850 936 3914 Quintilian
969 3849 1143 3914 (instit.
1169 3851 1232 3900 ix.
1265 3849 1312 3915 α)
1336 3850 1503 3900 where
1605 3852 1825 3914 καθάπερ
1858 3850 2052 3914 ἄριστός
2095 3870 2166 3902 τις
2209 3850 2486 3915 στρατηγὸς
2523 3854 2763 3902 ravi-hoen

341 3938 534 3987 schema
565 3935 608 3984 is
630 3933 894 3998 explained
911 3949 965 3981 as
981 3949 1013 3982 a
1040 3931 1257 3997 ‘figure,’
1281 3933 1378 3981 “in
1396 3948 1500 3996 quo
1607 3929 1702 3980 ὑπὸ
1720 3934 1963 3989 πολεμίων
1985 3934 2297 3992 κυκλούμενος
2320 3935 2398 3982 καὶ
2422 3935 2616 3982 τούτους
2636 3934 2760 3996 βάλ-

343 4019 482 4085 quod
504 4033 606 4066 non
635 4016 847 4064 dicimus
877 4014 1035 4080 accipi
1071 4014 1301 4064 uolumus
1317 4012 1376 4073 ”3
1411 4014 1504 4064 but
1604 3996 1692 4062 λεῖ
1706 4010 1954 4070 κάκείνους,
1980 4016 2124 4063 κ.τ.λ.
2165 4014 2245 4062 Cf.
2271 4031 2319 4078 p.
2348 4029 2453 4079 119,
2473 4013 2506 4062 l.
2530 4026 2602 4076 17,
2626 4021 2761 4062 note.

346 4102 432 4151 the
453 4097 700 4149 technical
724 4095 958 4160 meaning
975 4112 1184 4161 appears
1207 4103 1261 4145 to
1287 4096 1349 4145 be
1372 4097 1504 4146 alien
1681 4094 1755 4143 16.
1801 4096 2198 4160 subrelinqueret]
2233 4095 2309 4145 Cf.
2337 4096 2373 4119 “
2387 4095 2763 4144 subrelictorum

346 4192 401 4232 to
416 4183 514 4232 this
533 4185 750 4230 context.
796 4179 940 4242 Agon
958 4178 1000 4226 is
1024 4194 1131 4227 rare
1155 4179 1205 4228 in
1237 4178 1322 4228 the
1351 4187 1505 4228 meta·
1607 4177 1734 4227 liber
1750 4176 2242 4239 ”επαραλειπόμενα
2284 4176 2461 4241 (Lucis.
2505 4177 2670 4226 Calar.
2709 4178 2766 4225 de

348 4265 572 4331 phorical
604 4279 782 4322 sense3
820 4262 880 4311 cs.
919 4261 1152 4310 however
1187 4276 1215 4309 2
1251 4260 1408 4310 Maec.
1439 4261 1506 4310 iii.
1612 4274 1712 4307 non
1733 4275 1871 4308 conv.
1894 4277 1935 4308 c.
1958 4260 2094 4308 haer.
2125 4259 2313 4324 Migne,
2339 4260 2397 4307 P.
2422 4259 2485 4307 L.
2512 4275 2585 4321 13,
2611 4257 2740 4321 774).

351 4366 410 4399 ἰι
439 4348 544 4397 “in
567 4360 729 4411 agone
751 4343 1007 4393 constituti
1022 4343 1051 4363 ’'
1078 4340 1474 4406 (διαγωνιῶντος).
1679 4354 1758 4402 23.
1813 4340 1902 4388 sub
1932 4341 2079 4404 specie
2099 4357 2177 4404 gr.
2214 4340 2335 4400 act.]
2384 4341 2478 4390 See
2512 4338 2654 4388 Thes
2693 4355 2767 4388 re-

422 4447 491 4494 13·
527 4429 721 4477 aduers.
745 4424 968 4488 arg-uerit
985 4422 1233 4486 dogmata]
1268 4421 1412 4472 Th.’s
1435 4438 1511 4470 ar·
1613 4423 1781 4471 marks
1824 4421 1988 4471 below
2027 4438 2094 4470 on
2139 4423 2269 4472 Phil.
2316 4422 2349 4471 i.
2392 4439 2437 4482 2,
2484 4421 2595 4471 Col.
2636 4421 2666 4471 i.
2716 4438 2761 4484 3,

351 4516 557 4574 gument
587 4518 640 4558 to
674 4506 758 4556 the
795 4506 888 4570 Ep.
922 4515 972 4555 to
1007 4507 1091 4557 the
1129 4508 1273 4558 Rom.
1319 4507 1360 4556 is
1393 4506 1506 4555 lost.
1621 4521 1638 4554 1
1669 4505 1844 4555 Thess.
1870 4504 1904 4553 i.
1931 4520 1976 4563 2,
2006 4503 2096 4553 διε.

529 4623 580 4672 S.
2561 4604 2596 4663 8
