3293 5233
299 403 352 470 Ι.
390 406 511 491 13.]

1038 419 1124 472 IN
1172 419 1275 473 ΕΡ.
1322 420 1425 471 ΑΙ)
1471 419 1986 473 COLOSSENSES.

2586 419 2712 486 259

295 614 418 677 pro
449 594 657 670 uobis
688 592 1004 676 quoniam
1038 594 1277 676 dignos
1309 614 1431 657 uos
1461 615 1581 676 per
1610 613 1801 658 suam
1838 594 2286 677 cognitionem
2331 603 2710 659 sanctorum

296 695 581 778 collegio
634 716 779 759 esse
831 697 1303 778 pronuntiauit,
1358 717 1513 760 cum
1554 697 1788 761 essetis
1834 696 2032 760 alieni
2078 717 2119 760 a
2162 697 2414 778 pietate
2458 704 2527 760 et
2571 696 2713 759 ido-

298 797 512 861 lorum
545 798 742 862 eratis
773 797 1170 863 sectatores)
1216 818 1375 862 nam
1406 799 1588 881 quod
1622 799 1800 863 dixit
1830 797 1902 863 in
1932 800 2191 874 lumine,
2223 807 2298 863 ut
2337 798 2518 862 dicat
2560 803 2575 830 ‘
2596 818 2714 881 per

298 918 488 963 suam
529 901 978 982 cognitionem
1003 919 1021 979 3
1043 897 1057 925 ’

1107 910 1175 964 et
1197 901 1378 983 quod
1411 900 1588 965 dixit
1616 900 1735 983 qui
1760 900 1992 983 dignos
2020 922 2133 964 uos
2159 900 2401 978 habuit,
2435 898 2563 963 hoc
2594 908 2712 973 est,

299 1005 563 1088 ‘dignos
586 1025 731 1069 esse
754 1005 1244 1088 pronuntiauit'
1291 1015 1359 1069 et
1378 1006 1558 1087 quod
1586 1005 1749 1068 illud
1772 1014 1874 1069 est
1887 1002 2186 1076 lucrum?
2234 1013 2308 1068 ut
2324 1013 2709 1077 ,sanctorum
2786 1015 2818 1080 5

299 1109 659 1191 iungantur
697 1107 998 1190 collegio,

428 1258 547 1340 qui
580 1259 820 1341 eripuit
858 1278 971 1323 nos
999 1258 1077 1323 de
1100 1252 1411 1342 potestate
1441 1261 1848 1325 tenebrarum
1877 1271 1940 1324 et
1968 1259 2314 1324 transtulit
2340 1259 2412 1322 in
2443 1278 2712 1341 regnum

284 1361 434 1446 filii
470 1362 771 1426 caritatis
804 1384 974 1427 suae.

431 1500 599 1559 ‘non
660 1496 875 1560 solum
941 1497 1204 1581 (inquit)
1261 1500 1536 1564 abstulit
1596 1522 1718 1564 uos
1771 1500 1856 1564 ab
1917 1522 2132 1565 errore
2183 1512 2251 1567 et
2309 1502 2711 1566 daemonum

300 1602 618 1684 potentia,
651 1602 769 1665 sed
824 1612 892 1666 et
937 1604 1293 1686 participes
1336 1626 1455 1668 uos
1509 1606 1965 1687 pronuntiauit
2010 1606 2193 1687 regni
2243 1627 2388 1670 esse
2436 1604 2715 1669 Christi!
2754 1623 2830 1670 10

302 1724 458 1768 nam
514 1706 693 1788 quod
748 1707 925 1771 dicit·
970 1706 1316 1771 transtulit
1372 1708 1445 1771 in
1504 1729 1776 1791 regnum
1817 1708 1969 1792 filii
2014 1709 2317 1773 caritatis
2371 1730 2539 1785 suae,
2585 1709 2714 1773 hoc

302 1811 465 1875 dicit
495 1810 666 1874 sicut
706 1821 774 1875 et
812 1811 885 1894 in
925 1810 1056 1874 alio
1093 1810 1280 1875 loco:
1323 1812 1387 1875 si
1410 1812 1816 1888 sustinemus,
1853 1822 1917 1876 et
1953 1811 2494 1895 conregymbimns.
2541 1812 2718 1875 unde

305 1915 475 1978 bene
528 1915 683 1996 quia
736 1912 925 1992 †non
967 1915 1145 1977 dixit
1176 1915 1326 1998 filii
1352 1924 1634 1988 tantum,
1677 1915 1794 1979 sed
1836 1914 1953 1978 filii
1999 1914 2299 1979 caritatis
2338 1936 2506 1979 suae.
2596 1935 2718 1979 nec

305 2015 483 2080 enim
514 2017 871 2100 participes
902 2017 1084 2098 regni
1118 2016 1246 2080 Dei
1277 2017 1485 2081 Verbi
1523 2017 2046 2100 efficimur—qui
2078 2018 2256 2081 enim
2294 2016 2433 2081 fieri
2475 2026 2715 2100 potest,

440 2203 556 2273 οὐκ
614 2202 797 2272 εἶπεν
859 2207 996 2271 τοῦ
1055 2203 1235 2284 υἱοῦ,
1297 2204 1483 2271 ἀλλὰ
1538 2209 1653 2282 τοῨ
1710 2205 1841 2282 rio?
1897 2215 2012 2271 τῆς
2061 2205 2302 2281 &sinac
2356 2202 2572 2269 αὐτοῦ·
2645 2202 2719 2269 οὐ
2756 2221 2826 2288 15

308 2308 438 2397 γὰρ
498 2309 788 2376 κοινωνοὶ
842 2312 957 2390 τῆς
1000 2308 1358 2389 βασιλείας
1400 2312 1520 2375 τοῦ
1566 2309 1718 2375 θεοῦ
1759 2308 1966 2391 λόγου
2005 2307 2330 2393 γινόμεθα,
2376 2305 2559 2373 ἀλλὰ
2601 2311 2719 2374 τοῦ

410 2500 429 2535 1
482 2484 789 2549 agnitionem
828 2486 891 2536 H

276 2573 281 2579 '
310 2564 426 2630 (sor
458 2565 563 2631 qui)
603 2582 636 2613 r

1201 2497 1228 2547 7
1279 2502 1370 2536 uos
1415 2487 1458 2535 C
1494 2485 1643 2547 (corr)
1675 2485 1681 2549 Ι
1712 2486 1938 2535 trantulit
1976 2485 2077 2546 (sic)
2127 2483 2197 2534 C*

2511 2499 2569 2546 14
2619 2497 2721 2547 quo

906 2578 962 2628 15
986 2582 1058 2632 sq.
1101 2566 1252 2616 Coisl.
1284 2581 1395 2630 204,
1425 2566 1456 2615 fi
1495 2581 1584 2629 ¹43
1609 2583 1639 2614 a
1662 2567 1766 2629 [Cr.
1792 2565 1858 2613 vi.
1884 2581 1996 2628 302,
2026 2565 2106 2613 Fr.
2145 2563 2256 2627 ¹4¹]
2324 2561 2429 2612 ἀλλ’
2470 2560 2498 2610 ὁ
2535 2558 2724 2611 ἀνόσιος

310 2643 536 2709 θεόδωρος
568 2646 753 2697 τούτοις
785 2646 1240 2709 ἁντιφθεγγὸμενος,
1269 2649 1351 2697 ἕνα
1374 2651 1557 2697 σκοπὸν
1589 2650 1716 2708 ἔχων
1748 2645 1993 2697 ίουδαῖκῶς
2027 2648 2106 2720 καὶ
2138 2647 2446 2706 βλασφήμως
2479 2645 2565 2693 τὰς
2595 2645 2725 2694 θείας

305 2728 501 2787 γραφὰς
534 2723 805 2788 ἑρμηνεύειν
831 2728 918 2776 τὰς
955 2729 1196 2777 δεικνύσας
1231 2730 1317 2776 τοῦ
1350 2728 1554 2789 χριστοῦ
1577 2725 1668 2786 τὴν
1706 2726 1932 2787 θεότητα,
1969 2729 2048 2775 καὶ
2079 2723 2170 2786 τήν
2202 2727 2513 2785 προκειμένην
2546 2725 2723 2785 χρῆσιν

309 2805 458 2857 οὕτως
491 2808 782 2868 ἐξηγήσατο·
818 2806 903 2857 οὐκ
933 2810 1064 2856 εἶπεν
1087 2809 1292 2872 (φησὶν),
1322 2812 1469 2857 κ.τ.λ.
1498 2847 1508 2858 .

1635 2806 1818 2856 τούτων
1838 2809 1884 2855 τί
1910 2806 1969 2854 ἂν
1991 2810 2065 2866 ἄη
2095 2808 2415 2868 ἀσεβέστερον
2439 2807 2536 2855 τοῖς
2558 2808 2723 2866 ἐντυγ-

309 2886 546 2949 χάνουσιν
579 2890 863 2951 καταλείψω
897 2892 1108 2938 σκοπεῖν.
1176 2890 1254 2939 Cf.
1286 2891 1439 2939 Coisl.
1467 2888 1545 2945 26,
1570 2890 1602 2938 f.
1631 2904 1724 2954 279
1747 2905 1792 2948 a,
1822 2888 1935 2937 ἀλλ’
1970 2888 1997 2936 ὀ
2030 2887 2214 2936 ἀνόσιος
2248 2886 2475 2946 θεόδωρος
2510 2886 2535 2936 ὁ
2566 2889 2726 2951 μόψου

313 2969 476 3018 ἑστίας
507 2971 813 3032 βλασφήμως
847 2968 1130 3032 κενολογῶν·
1167 2969 1251 3019 οὐκ
1286 2973 1417 3019 εἶπεν
1448 2972 1631 3031 (φησίν,
1661 2973 1804 3018 κ.τ.λ.
1965 2966 2072 3017 ἀλλ’
2103 2968 2129 3017 ὁ
2158 2970 2246 3029 μὲν
2277 2969 2456 3032 ἐρρέτω
2485 2970 2611 3027 μετὰ
2640 2970 2727 3027 τῆς

313 3053 541 3115 ἀσεβείας
562 3050 733 3101 αὑτοῦ·
766 3052 798 3111 ἡ
832 3053 883 3100 δέ
912 3049 1116 3111 ἀλήθεια
1139 3053 1294 3113 ἐχέτω
1316 3054 1372 3101 τὸ
1393 3053 1606 3115 βέβαιον.

381 3224 427 3272 3.
495 3214 555 3257 ut
603 3208 670 3267 d.‚
735 3208 848 3271 ‘per
898 3224 1043 3257 suam
1098 3208 1417 3270 cognitionem
1434 3206 1468 3268 ’]

314 3290 463 3340 Cited
520 3290 586 3353 by
643 3289 905 3338 Lansranc.
1004 3290 1074 3339 So
1137 3290 1260 3338 Oec.
1327 3288 1470 3348 (aster

315 3369 544 3435 Chrys.):
578 3373 842 3429 τουτέστιν,
873 3373 923 3419 έν
942 3372 1006 3433 τῇ
1027 3371 1208 3432 γνώσει
1229 3368 1316 3418 τοῦ
1341 3369 1467 3418 θεοῦ.

313 3456 469 3504 Thdt.
502 3463 737 3504 connects
770 3457 822 3503 ἐν
856 3452 927 3515 τῷ
958 3456 1084 3514 φωτί
1113 3455 1232 3503 with
1265 3456 1469 3515 κλήρους

314 3537 555 3585 κοινωνοὺς
585 3532 828 3594 ἀπέφηνεν
861 3535 949 3583 τοῦ
981 3533 1078 3583 τῶν
1110 3535 1261 3595 ἁγίων
1298 3537 1469 3595 φωτός.

314 3616 426 3664 The
449 3616 826 3679 interpretation
854 3617 1002 3679 given
1035 3624 1087 3665 to
1117 3617 1190 3675 τῷ
1214 3618 1334 3663 ἰκαν.
1362 3614 1473 3677 (τῖε.

312 3699 384 3758 τῷ
406 3695 562 3756 α’ξίους
585 3696 705 3756 ἡμᾶς
729 3698 1063 3758 ἀποφήναντι)
1092 3701 1132 3746 is
1156 3698 1472 3761 inadequate.

317 3780 498 3844 Comp.
525 3780 732 3843 ChryS.:
768 3778 822 3828 οὐ
855 3782 997 3837 μόνον
1032 3781 1145 3839 ἡμῖν
1173 3782 1348 3828 ἔδωκεν
1386 3778 1473 3838 τήν

316 3860 477 3918 τιμήν,
503 3857 634 3907 ἀλλὰ
657 3862 736 3907 καὶ
770 3862 1045 3922 ἰσχυροὺς
1076 3862 1192 3922 πρὸς
1219 3862 1277 3908 τὸ
1308 3862 1476 3922 λαβεῖν

317 3942 556 4000 ἐποίησεν.
623 3941 846 4005 Thpht.:
883 3942 1235 3999 διπλασιασμὸς
1258 3944 1307 3990 δὲ
1333 3942 1474 4000 τιμῆς

316 4020 375 4072 τὸ
414 4024 493 4071 καὶ
540 4023 902 4081 ἐπιτηδείους
950 4020 1313 4071 κατασκευάσαι
1356 4024 1475 4084 πρὸς

317 4109 408 4167 τὴν
430 4104 624 4167 δωρεάν.

383 4203 431 4253 9.
499 4204 599 4236 non
660 4188 818 4237 solum
827 4227 942 4237 ......
949 4190 1035 4238 sed
1085 4196 1143 4245 et,
1195 4171 1329 4249 ἃς]
1392 4187 1472 4237 Cf.

320 4269 524 4333 Chrys-t
563 4271 694 4332 μέγα
721 4273 809 4329 μὲν
842 4271 925 4320 οὖν
960 4274 1039 4319 καί
1075 4269 1131 4319 τὸ
1161 4272 1245 4319 τοῦ
1282 4273 1477 4319 σκότους

321 4354 620 4413 ἀπαλλάξαι·
656 4356 711 4402 τὸ
736 4356 785 4402 δὲ
811 4358 892 4403 καὶ
916 4357 978 4404 εἰς
1000 4357 1259 4418 βασιλείαν
1280 4357 1475 4414 εἰσαγα-

318 4436 423 4495 γεῖν
445 4434 621 4495 πολλῷ
636 4438 815 4499 μεῖζον.

395 4528 468 4562 12.
522 4515 576 4563 in
614 4517 713 4565 alio
749 4517 863 4577 loco]
933 4533 958 4566 2
985 4517 1117 4565 Tim.
1145 4517 1195 4566 ii.
1230 4532 1283 4566 12
1311 4519 1378 4581 (q.
1406 4519 1475 4579 v.)

1569 3205 1685 3255 The
1725 3205 1932 3270 parallel
1977 3207 2019 3257 is
2063 3209 2249 3270 quoted
2289 3207 2396 3256 also
2439 3208 2508 3272 by
2544 3202 2750 3271 Chrys(

1572 3289 1618 3344 (ὅ
1665 3290 1743 3336 καὶ
1799 3290 2026 3349 ἀλλαχοῦ
2080 3291 2263 3350 φησίν),
2313 3290 2413 3337 and
2458 3290 2525 3352 by
2569 3290 2726 3340 Thdt.

1573 3370 1737 3429 (τοῦτο
1791 3372 1870 3419 καὶ
1925 3371 1978 3418 ἐν
2021 3367 2084 3431 τῇ
2140 3371 2258 3432 πρὸς
2312 3370 2543 3429 Τιμόθεον
2590 3372 2725 3432 ἔφη).

1573 3453 1651 3500 Dr
1690 3452 1868 3517 Jacobi
1914 3453 2087 3502 denies
2142 3453 2251 3502 that
2307 3455 2393 3503 the
2438 3455 2600 3504 words
2644 3456 2730 3505 hoc

1570 3534 1887 3583 dicit—unde
1929 3534 2040 3583 bene
2082 3535 2206 3598 quia
2260 3550 2345 3584 are
2396 3535 2722 3595 Theodore'S,

1575 3616 1754 3679 urging
1788 3616 1897 3665 that
1935 3616 2055 3679 they
2087 3616 2241 3664 break
2279 3616 2363 3666 the
2397 3633 2644 3681 sequence
2678 3617 2738 3666 os

1576 3698 1661 3748 the
1706 3698 1933 3761 thought.
2004 3698 2100 3747 But
2158 3698 2286 3747 their
2340 3714 2634 3749 occurrence
2678 3700 2730 3748 in

1576 3780 1699 3829 both
1735 3780 1888 3829 MSS.
1922 3778 1979 3828 of
2004 3780 2089 3829 the
2121 3780 2271 3829 Latin
2302 3781 2496 3829 version
2531 3797 2585 3829 as
2616 3781 2730 3830 well

1574 3878 1630 3910 as
1654 3862 1705 3910 in
1724 3862 1871 3921 Rab„
1897 3861 2060 3911 leaves
2082 3862 2209 3911 little
2234 3878 2374 3911 roorn
2393 3862 2467 3911 for
2485 3863 2732 3926 doubting

1573 3944 1705 3993 their
1759 3945 2102 4007 genuineness.
2176 3944 2287 3993 The
2331 3946 2609 3994 connexion
2660 3947 2727 3995 is:

1582 4026 1718 4075 ‘Our
1765 4027 2058 4074 translation
2105 4026 2211 4074 into
2256 4026 2341 4074 the
2382 4026 2640 4090 Kingdom
2681 4029 2742 4077 of

1575 4108 1660 4156 the
1695 4109 1800 4157 Son
1835 4124 2007 4157 means
2041 4124 2133 4156 our
2165 4108 2518 4172 participation
2549 4110 2598 4156 in
2634 4110 2734 4157 His

1576 4187 1738 4237 future
1784 4189 1937 4251 reign.
2013 4190 2190 4237 Hence
2248 4188 2332 4236 the
2382 4189 2635 4252 propriety
2680 4190 2740 4237 of

1577 4270 1664 4319 the
1697 4270 1975 4334 qualisying
2012 4270 2175 4319 words
2215 4272 2298 4330 τῆς
2333 4271 2528 4330 ἀγάπης
2564 4273 2726 4329 αὑτοῦ,

1575 4353 1740 4401 which
1782 4354 1910 4402 limit
1956 4354 2039 4402 the
2080 4353 2327 4402 reference
2367 4361 2420 4401 to
2466 4354 2550 4402 the
2594 4355 2734 4403 homo

1575 4433 1855 4497 susceptus!

1651 4534 1723 4577 14·
1773 4518 1864 4582 qui
1880 4519 2013 4567 enim
2024 4519 2149 4582 ficri
2168 4525 2335 4583 potest,
2361 4518 2476 4579 δια]
2526 4518 2734 4581 Jacobi:

2355 4635 2376 4677 1
2391 4632 2427 4695 7
2433 4631 2558 4677 —2
