<?xml version="1.0" encoding="UTF-8"?>
<!DOCTYPE html PUBLIC "-//W3C//DTD XHTML 1.0 Transitional//EN"
    "http://www.w3.org/TR/xhtml1/DTD/xhtml1-transitional.dtd">
<html xmlns="http://www.w3.org/1999/xhtml" xml:lang="en" lang="en">
 <head>
  <title>
</title>
<meta http-equiv="Content-Type" content="text/html;charset=utf-8" />
  <meta name='ocr-system' content='tesseract 3.04.00' />
  <meta name='ocr-capabilities' content='ocr_page ocr_carea ocr_par ocr_line ocrx_word'/>
</head>
<body>
  <div class='ocr_page' id='page_1' title='image "./theodoriepiscop00mopsgoog_0323.png"; bbox 0 0 3293 5233; ppageno 0'>
   <div class='ocr_carea' id='block_1_1' title="bbox 297 366 727 454">
    <p class='ocr_par' dir='ltr' id='par_1_1' title="bbox 297 366 727 454">
     <span class='ocr_line' id='line_1_1' title="bbox 297 366 727 454; baseline 0.012 -23"><span class='ocrx_word' id='word_1_1' title='bbox 297 366 388 435; x_wconf 92' lang='lat'>11.</span> <span class='ocrx_word' id='word_1_2' title='bbox 432 368 727 454; x_wconf 78' lang='lat'>12—15.]</span> 
     </span>
    </p>
   </div>
   <div class='ocr_carea' id='block_1_2' title="bbox 1022 382 1999 448">
    <p class='ocr_par' dir='ltr' id='par_1_2' title="bbox 1022 382 1999 448">
     <span class='ocr_line' id='line_1_2' title="bbox 1022 382 1999 448; baseline 0 -13"><span class='ocrx_word' id='word_1_3' title='bbox 1022 382 1105 435; x_wconf 85' lang='lat' dir='ltr'>IN</span> <span class='ocrx_word' id='word_1_4' title='bbox 1154 383 1259 436; x_wconf 81' lang='grc' dir='ltr'>ΕΡ.</span> <span class='ocrx_word' id='word_1_5' title='bbox 1302 383 1413 448; x_wconf 77' lang='lat' dir='ltr'>AD</span> <span class='ocrx_word' id='word_1_6' title='bbox 1454 382 1999 436; x_wconf 83' lang='lat' dir='ltr'>PHILIPPENSES.</span> 
     </span>
    </p>
   </div>
   <div class='ocr_carea' id='block_1_3' title="bbox 2583 383 2705 450">
    <p class='ocr_par' dir='ltr' id='par_1_3' title="bbox 2583 383 2705 450">
     <span class='ocr_line' id='line_1_3' title="bbox 2583 383 2705 450; baseline -0.008 -16"><span class='ocrx_word' id='word_1_7' title='bbox 2583 383 2705 450; x_wconf 82' lang='lat'>225</span> 
     </span>
    </p>
   </div>
   <div class='ocr_carea' id='block_1_4' title="bbox 290 554 2711 744">
    <p class='ocr_par' dir='ltr' id='par_1_4' title="bbox 290 554 2711 744">
     <span class='ocr_line' id='line_1_4' title="bbox 290 554 2711 641; baseline 0.001 -21"><span class='ocrx_word' id='word_1_8' title='bbox 290 555 618 635; x_wconf 89' lang='lat' dir='ltr'>habebat;</span> <span class='ocrx_word' id='word_1_9' title='bbox 665 554 940 621; x_wconf 91' lang='lat' dir='ltr'>consilia</span> <span class='ocrx_word' id='word_1_10' title='bbox 971 554 1100 621; x_wconf 90' lang='lat' dir='ltr'>illis</span> <span class='ocrx_word' id='word_1_11' title='bbox 1130 556 1353 633; x_wconf 87' lang='lat' dir='ltr'>dante,</span> <span class='ocrx_word' id='word_1_12' title='bbox 1385 566 1461 622; x_wconf 92' lang='lat' dir='ltr'>ut</span> <span class='ocrx_word' id='word_1_13' title='bbox 1495 555 1715 641; x_wconf 89' lang='lat' dir='ltr'>[quos]</span> <span class='ocrx_word' id='word_1_14' title='bbox 1747 555 2058 640; x_wconf 83' lang='lat' dir='ltr'>aequales</span> <span class='ocrx_word' id='word_1_15' title='bbox 2087 556 2213 621; x_wconf 86' lang='lat' dir='ltr'><strong>sibi</strong></span> <span class='ocrx_word' id='word_1_16' title='bbox 2244 556 2711 623; x_wconf 77' lang='lat' dir='ltr'>existimarent</span> 
     </span>
     <span class='ocr_line' id='line_1_5' title="bbox 291 658 2711 744; baseline 0.001 -23"><span class='ocrx_word' id='word_1_17' title='bbox 291 678 413 740; x_wconf 92' lang='lat' dir='ltr'>per</span> <span class='ocrx_word' id='word_1_18' title='bbox 446 659 774 722; x_wconf 91' lang='lat' dir='ltr'>bonorum</span> <span class='ocrx_word' id='word_1_19' title='bbox 813 668 1083 723; x_wconf 83' lang='lat' dir='ltr'><strong>actuum</strong></span> <span class='ocrx_word' id='word_1_20' title='bbox 1121 659 1675 742; x_wconf 86' lang='lat' dir='ltr'>cooperationem,</span> <span class='ocrx_word' id='word_1_21' title='bbox 1706 680 1829 742; x_wconf 93' lang='lat' dir='ltr'>per</span> <span class='ocrx_word' id='word_1_22' title='bbox 1865 658 2310 724; x_wconf 88' lang='lat' dir='ltr'>humilitatem</span> <span class='ocrx_word' id='word_1_23' title='bbox 2349 660 2711 744; x_wconf 89' lang='lat' dir='ltr'>superemi-</span> 
     </span>
    </p>
   </div>
   <div class='ocr_carea' id='block_1_5' title="bbox 290 761 1338 928">
    <p class='ocr_par' dir='ltr' id='par_1_5' title="bbox 290 761 1338 928">
     <span class='ocr_line' id='line_1_6' title="bbox 291 761 1110 825; baseline 0.002 -3"><span class='ocrx_word' id='word_1_24' title='bbox 291 779 449 823; x_wconf 86' lang='lat' dir='ltr'>nere</span> <span class='ocrx_word' id='word_1_25' title='bbox 478 761 604 825; x_wconf 89' lang='lat' dir='ltr'>sibi</span> <span class='ocrx_word' id='word_1_26' title='bbox 635 761 1110 825; x_wconf 82' lang='lat' dir='ltr'>existimarent.</span> 
     </span>
     <span class='ocr_line' id='line_1_7' title="bbox 290 861 1338 928; baseline 0.004 -4"><span class='ocrx_word' id='word_1_27' title='bbox 290 861 740 927; x_wconf 87' lang='lat' dir='ltr'>hortationem</span> <span class='ocrx_word' id='word_1_28' title='bbox 775 862 1023 927; x_wconf 88' lang='lat' dir='ltr'>faciens</span> <span class='ocrx_word' id='word_1_29' title='bbox 1052 863 1338 928; x_wconf 86' lang='lat' dir='ltr'>adiecit:</span> 
     </span>
    </p>
   </div>
   <div class='ocr_carea' id='block_1_6' title="bbox 1201 760 2710 846">
    <p class='ocr_par' dir='ltr' id='par_1_6' title="bbox 1201 760 2710 846">
     <span class='ocr_line' id='line_1_8' title="bbox 1201 760 2710 846; baseline 0.001 -22"><span class='ocrx_word' id='word_1_30' title='bbox 1201 760 1426 843; x_wconf 92' lang='lat' dir='ltr'>itaque</span> <span class='ocrx_word' id='word_1_31' title='bbox 1465 762 1703 826; x_wconf 87' lang='lat' dir='ltr'>beatus</span> <span class='ocrx_word' id='word_1_32' title='bbox 1747 761 1989 826; x_wconf 88' lang='lat' dir='ltr'>Paulus</span> <span class='ocrx_word' id='word_1_33' title='bbox 2029 762 2125 826; x_wconf 90' lang='lat' dir='ltr'>sic</span> <span class='ocrx_word' id='word_1_34' title='bbox 2166 783 2285 846; x_wconf 90' lang='lat' dir='ltr'>per</span> <span class='ocrx_word' id='word_1_35' title='bbox 2322 762 2551 828; x_wconf 89' lang='lat' dir='ltr'>omnia</span> <span class='ocrx_word' id='word_1_36' title='bbox 2588 783 2710 826; x_wconf 83' lang='lat' dir='ltr'>ex-</span> 
     </span>
    </p>
   </div>
   <div class='ocr_carea' id='block_1_7' title="bbox 281 1014 2816 1303">
    <p class='ocr_par' dir='ltr' id='par_1_7' title="bbox 281 1014 2816 1303">
     <span class='ocr_line' id='line_1_9' title="bbox 423 1014 2816 1109; baseline 0.001 -30"><span class='ocrx_word' id='word_1_37' title='bbox 423 1016 641 1099; x_wconf 86' lang='lat' dir='ltr'>itaque</span> <span class='ocrx_word' id='word_1_38' title='bbox 686 1014 1019 1079; x_wconf 83' lang='lat' dir='ltr'>carissimi</span> <span class='ocrx_word' id='word_1_39' title='bbox 1075 1014 1256 1092; x_wconf 76' lang='lat' dir='ltr'>milei,</span> <span class='ocrx_word' id='word_1_40' title='bbox 1303 1015 1477 1080; x_wconf 87' lang='lat' dir='ltr'>sicut</span> <span class='ocrx_word' id='word_1_41' title='bbox 1517 1026 1766 1099; x_wconf 80' lang='lat' dir='ltr'>semper</span> <span class='ocrx_word' id='word_1_42' title='bbox 1811 1015 2147 1080; x_wconf 86' lang='lat' dir='ltr'>oboedistis</span> <span class='ocrx_word' id='word_1_43' title='bbox 2197 1037 2324 1081; x_wconf 86' lang='lat' dir='ltr'>non</span> <span class='ocrx_word' id='word_1_44' title='bbox 2376 1016 2584 1081; x_wconf 86' lang='lat' dir='ltr'>solum</span> <span class='ocrx_word' id='word_1_45' title='bbox 2636 1016 2710 1082; x_wconf 88' lang='lat' dir='ltr'>in</span> <span class='ocrx_word' id='word_1_46' title='bbox 2785 1041 2816 1109; x_wconf 79' lang='lat'><strong>5</strong></span> 
     </span>
     <span class='ocr_line' id='line_1_10' title="bbox 281 1116 2710 1200; baseline 0.003 -23"><span class='ocrx_word' id='word_1_47' title='bbox 281 1116 657 1199; x_wconf 85' lang='lat' dir='ltr'>praesentia</span> <span class='ocrx_word' id='word_1_48' title='bbox 704 1138 861 1194; x_wconf 87' lang='lat' dir='ltr'>mea,</span> <span class='ocrx_word' id='word_1_49' title='bbox 920 1117 1038 1181; x_wconf 86' lang='lat' dir='ltr'>sed</span> <span class='ocrx_word' id='word_1_50' title='bbox 1074 1127 1137 1180; x_wconf 88' lang='lat' dir='ltr'>ct</span> <span class='ocrx_word' id='word_1_51' title='bbox 1187 1138 1353 1180; x_wconf 79' lang='lat' dir='ltr'>nunc</span> <span class='ocrx_word' id='word_1_52' title='bbox 1398 1119 1601 1181; x_wconf 83' lang='lat' dir='ltr'>multo</span> <span class='ocrx_word' id='word_1_53' title='bbox 1651 1119 1869 1200; x_wconf 61' lang='lat' dir='ltr'>magi:</span> <span class='ocrx_word' id='word_1_54' title='bbox 1912 1118 1983 1182; x_wconf 88' lang='lat' dir='ltr'>in</span> <span class='ocrx_word' id='word_1_55' title='bbox 2027 1119 2320 1184; x_wconf 85' lang='lat' dir='ltr'>absentia</span> <span class='ocrx_word' id='word_1_56' title='bbox 2363 1138 2521 1198; x_wconf 89' lang='lat' dir='ltr'>mea,</span> <span class='ocrx_word' id='word_1_57' title='bbox 2566 1139 2710 1184; x_wconf 89' lang='lat' dir='ltr'>cum</span> 
     </span>
     <span class='ocr_line' id='line_1_11' title="bbox 289 1217 2014 1303; baseline 0.002 -23"><span class='ocrx_word' id='word_1_58' title='bbox 289 1217 520 1281; x_wconf 86' lang='lat' dir='ltr'>timore</span> <span class='ocrx_word' id='word_1_59' title='bbox 558 1228 624 1282; x_wconf 88' lang='lat' dir='ltr'>et</span> <span class='ocrx_word' id='word_1_60' title='bbox 665 1228 937 1283; x_wconf 84' lang='lat' dir='ltr'>tremore</span> <span class='ocrx_word' id='word_1_61' title='bbox 977 1229 1266 1283; x_wconf 85' lang='lat' dir='ltr'>uestram</span> <span class='ocrx_word' id='word_1_62' title='bbox 1307 1221 1585 1284; x_wconf 87' lang='lat' dir='ltr'>salutem</span> <span class='ocrx_word' id='word_1_63' title='bbox 1637 1219 2014 1303; x_wconf 73' lang='lat' dir='ltr'>operamini.</span> 
     </span>
    </p>
   </div>
   <div class='ocr_carea' id='block_1_8' title="bbox 293 1362 2824 1652">
    <p class='ocr_par' dir='ltr' id='par_1_8' title="bbox 293 1362 2824 1652">
     <span class='ocr_line' id='line_1_12' title="bbox 427 1362 2714 1447; baseline 0.003 -23"><span class='ocrx_word' id='word_1_64' title='bbox 427 1362 683 1444; x_wconf 92' lang='lat' dir='ltr'>optime</span> <span class='ocrx_word' id='word_1_65' title='bbox 743 1371 814 1426; x_wconf 89' lang='lat' dir='ltr'>et</span> <span class='ocrx_word' id='word_1_66' title='bbox 872 1363 1195 1427; x_wconf 87' lang='lat' dir='ltr'>memoria</span> <span class='ocrx_word' id='word_1_67' title='bbox 1253 1364 1760 1447; x_wconf 82' lang='lat' dir='ltr'>praeteritormn</span> <span class='ocrx_word' id='word_1_68' title='bbox 1820 1365 2149 1447; x_wconf 85' lang='lat' dir='ltr'>persuasit</span> <span class='ocrx_word' id='word_1_69' title='bbox 2206 1363 2334 1428; x_wconf 92' lang='lat' dir='ltr'>illis</span> <span class='ocrx_word' id='word_1_70' title='bbox 2393 1365 2556 1430; x_wconf 90' lang='lat' dir='ltr'>nihil</span> <span class='ocrx_word' id='word_1_71' title='bbox 2617 1365 2714 1430; x_wconf 91' lang='lat' dir='ltr'>in-</span> 
     </span>
     <span class='ocr_line' id='line_1_13' title="bbox 293 1461 2712 1548; baseline 0.003 -25"><span class='ocrx_word' id='word_1_72' title='bbox 293 1461 573 1544; x_wconf 86' lang='lat' dir='ltr'>dignum</span> <span class='ocrx_word' id='word_1_73' title='bbox 619 1464 742 1528; x_wconf 87' lang='lat' dir='ltr'>sibi</span> <span class='ocrx_word' id='word_1_74' title='bbox 789 1479 1043 1548; x_wconf 88' lang='lat' dir='ltr'>sapere,</span> <span class='ocrx_word' id='word_1_75' title='bbox 1090 1465 1208 1528; x_wconf 91' lang='lat' dir='ltr'>sed</span> <span class='ocrx_word' id='word_1_76' title='bbox 1254 1465 1417 1530; x_wconf 89' lang='lat' dir='ltr'>talia</span> <span class='ocrx_word' id='word_1_77' title='bbox 1457 1465 1689 1541; x_wconf 84' lang='lat' dir='ltr'>facere,</span> <span class='ocrx_word' id='word_1_78' title='bbox 1730 1465 1953 1548; x_wconf 90' lang='lat' dir='ltr'>qualia</span> <span class='ocrx_word' id='word_1_79' title='bbox 1997 1475 2066 1530; x_wconf 93' lang='lat' dir='ltr'>et</span> <span class='ocrx_word' id='word_1_80' title='bbox 2110 1466 2414 1548; x_wconf 89' lang='lat' dir='ltr'>primitus</span> <span class='ocrx_word' id='word_1_81' title='bbox 2458 1466 2712 1531; x_wconf 88' lang='lat' dir='ltr'>fiebant</span> 
     </span>
     <span class='ocr_line' id='line_1_14' title="bbox 295 1566 2824 1652; baseline 0.003 -25"><span class='ocrx_word' id='word_1_82' title='bbox 295 1584 520 1629; x_wconf 91' lang='lat' dir='ltr'>coram</span> <span class='ocrx_word' id='word_1_83' title='bbox 583 1566 747 1649; x_wconf 92' lang='lat' dir='ltr'>ipso.</span> <span class='ocrx_word' id='word_1_84' title='bbox 829 1577 897 1631; x_wconf 89' lang='lat' dir='ltr'>et</span> <span class='ocrx_word' id='word_1_85' title='bbox 955 1567 1509 1651; x_wconf 86' lang='lat' dir='ltr'>animiaequiores</span> <span class='ocrx_word' id='word_1_86' title='bbox 1569 1566 1818 1631; x_wconf 85' lang='lat' dir='ltr'>faciens</span> <span class='ocrx_word' id='word_1_87' title='bbox 1869 1587 1986 1631; x_wconf 92' lang='lat' dir='ltr'>eos</span> <span class='ocrx_word' id='word_1_88' title='bbox 2038 1587 2237 1652; x_wconf 89' lang='lat' dir='ltr'>super</span> <span class='ocrx_word' id='word_1_89' title='bbox 2287 1567 2710 1632; x_wconf 89' lang='lat' dir='ltr'>conuenienti</span> <span class='ocrx_word' id='word_1_90' title='bbox 2745 1585 2824 1634; x_wconf 90' lang='lat'>10</span> 
     </span>
    </p>
   </div>
   <div class='ocr_carea' id='block_1_9' title="bbox 295 1667 1011 1735">
    <p class='ocr_par' dir='ltr' id='par_1_9' title="bbox 295 1667 1011 1735">
     <span class='ocr_line' id='line_1_15' title="bbox 295 1667 1011 1735; baseline 0.007 -6"><span class='ocrx_word' id='word_1_91' title='bbox 295 1667 426 1731; x_wconf 90' lang='lat' dir='ltr'>illis</span> <span class='ocrx_word' id='word_1_92' title='bbox 460 1670 686 1733; x_wconf 87' lang='lat' dir='ltr'>studio</span> <span class='ocrx_word' id='word_1_93' title='bbox 727 1670 973 1735; x_wconf 90' lang='lat' dir='ltr'>adiecit</span> <span class='ocrx_word' id='word_1_94' title='bbox 994 1690 1011 1735; x_wconf 73' lang='grc' dir='ltr'><strong><em>ε</em></strong></span> 
     </span>
    </p>
   </div>
   <div class='ocr_carea' id='block_1_10' title="bbox 423 1823 2713 1908">
    <p class='ocr_par' dir='ltr' id='par_1_10' title="bbox 423 1823 2713 1908">
     <span class='ocr_line' id='line_1_16' title="bbox 423 1823 2713 1908; baseline 0.001 -22"><span class='ocrx_word' id='word_1_95' title='bbox 423 1823 604 1887; x_wconf 86' lang='lat' dir='ltr'>Deus</span> <span class='ocrx_word' id='word_1_96' title='bbox 641 1825 812 1889; x_wconf 87' lang='lat' dir='ltr'>enim</span> <span class='ocrx_word' id='word_1_97' title='bbox 847 1833 955 1901; x_wconf 87' lang='lat' dir='ltr'>est,</span> <span class='ocrx_word' id='word_1_98' title='bbox 992 1824 1111 1908; x_wconf 86' lang='lat' dir='ltr'>qui</span> <span class='ocrx_word' id='word_1_99' title='bbox 1147 1825 1510 1906; x_wconf 78' lang='lat' dir='ltr'>inoperetur</span> <span class='ocrx_word' id='word_1_100' title='bbox 1547 1825 1618 1888; x_wconf 87' lang='lat' dir='ltr'>in</span> <span class='ocrx_word' id='word_1_101' title='bbox 1655 1825 1839 1889; x_wconf 83' lang='lat' dir='ltr'>uobis</span> <span class='ocrx_word' id='word_1_102' title='bbox 1873 1835 1936 1888; x_wconf 83' lang='lat' dir='ltr'>et</span> <span class='ocrx_word' id='word_1_103' title='bbox 1974 1824 2129 1888; x_wconf 79' lang='lat' dir='ltr'>velle</span> <span class='ocrx_word' id='word_1_104' title='bbox 2155 1834 2218 1888; x_wconf 90' lang='lat' dir='ltr'>et</span> <span class='ocrx_word' id='word_1_105' title='bbox 2245 1823 2576 1906; x_wconf 88' lang='lat' dir='ltr'>inoperari</span> <span class='ocrx_word' id='word_1_106' title='bbox 2585 1834 2713 1906; x_wconf 91' lang='lat' dir='ltr'>pro</span> 
     </span>
    </p>
   </div>
   <div class='ocr_carea' id='block_1_11' title="bbox 290 1925 731 2009">
    <p class='ocr_par' dir='ltr' id='par_1_11' title="bbox 290 1925 731 2009">
     <span class='ocr_line' id='line_1_17' title="bbox 290 1925 731 2009; baseline 0.007 -18"><span class='ocrx_word' id='word_1_107' title='bbox 290 1925 447 1991; x_wconf 81' lang='lat' dir='ltr'>bono</span> <span class='ocrx_word' id='word_1_108' title='bbox 473 1928 731 2009; x_wconf 77' lang='lat' dir='ltr'>placito,</span> 
     </span>
    </p>
   </div>
   <div class='ocr_carea' id='block_1_12' title="bbox 292 2056 2816 2450">
    <p class='ocr_par' dir='ltr' id='par_1_12' title="bbox 292 2056 2816 2450">
     <span class='ocr_line' id='line_1_18' title="bbox 418 2056 2709 2141; baseline 0 -19"><span class='ocrx_word' id='word_1_109' title='bbox 418 2059 550 2123; x_wconf 90' lang='lat' dir='ltr'>‘sic</span> <span class='ocrx_word' id='word_1_110' title='bbox 601 2059 779 2123; x_wconf 90' lang='lat' dir='ltr'>enim</span> <span class='ocrx_word' id='word_1_111' title='bbox 841 2056 1150 2122; x_wconf 86' lang='lat' dir='ltr'>alacritas</span> <span class='ocrx_word' id='word_1_112' title='bbox 1204 2069 1425 2122; x_wconf 91' lang='lat' dir='ltr'>uestra</span> <span class='ocrx_word' id='word_1_113' title='bbox 1489 2058 1943 2141; x_wconf 89' lang='lat' dir='ltr'>cooperariam</span> <span class='ocrx_word' id='word_1_114' title='bbox 2004 2056 2332 2122; x_wconf 89' lang='lat' dir='ltr'>inuenerit</span> <span class='ocrx_word' id='word_1_115' title='bbox 2379 2057 2515 2122; x_wconf 78' lang='lat' dir='ltr'>sibi</span> <span class='ocrx_word' id='word_1_116' title='bbox 2579 2058 2709 2123; x_wconf 89' lang='lat' dir='ltr'>Dei</span> 
     </span>
     <span class='ocr_line' id='line_1_19' title="bbox 292 2160 2816 2244; baseline 0 -20"><span class='ocrx_word' id='word_1_117' title='bbox 292 2161 595 2243; x_wconf 86' lang='lat' dir='ltr'>gratiam,</span> <span class='ocrx_word' id='word_1_118' title='bbox 651 2161 1017 2226; x_wconf 87' lang='lat' dir='ltr'>necessarie</span> <span class='ocrx_word' id='word_1_119' title='bbox 1068 2182 1149 2225; x_wconf 91' lang='lat' dir='ltr'>eo</span> <span class='ocrx_word' id='word_1_120' title='bbox 1193 2170 1597 2244; x_wconf 87' lang='lat' dir='ltr'>cooperante</span> <span class='ocrx_word' id='word_1_121' title='bbox 1649 2160 1863 2240; x_wconf 88' lang='lat' dir='ltr'>uobis,</span> <span class='ocrx_word' id='word_1_122' title='bbox 1904 2170 1980 2224; x_wconf 92' lang='lat' dir='ltr'>ut</span> <span class='ocrx_word' id='word_1_123' title='bbox 2025 2160 2337 2242; x_wconf 78' lang='lat' dir='ltr'>cogitetis</span> <span class='ocrx_word' id='word_1_124' title='bbox 2381 2170 2449 2225; x_wconf 92' lang='lat' dir='ltr'>et</span> <span class='ocrx_word' id='word_1_125' title='bbox 2495 2161 2711 2243; x_wconf 87' lang='lat' dir='ltr'>agatis</span> <span class='ocrx_word' id='word_1_126' title='bbox 2747 2174 2816 2241; x_wconf 81' lang='lat'>15</span> 
     </span>
     <span class='ocr_line' id='line_1_20' title="bbox 294 2260 2712 2347; baseline 0.001 -21"><span class='ocrx_word' id='word_1_127' title='bbox 294 2263 410 2328; x_wconf 90' lang='lat' dir='ltr'>illa</span> <span class='ocrx_word' id='word_1_128' title='bbox 468 2285 640 2346; x_wconf 91' lang='lat' dir='ltr'>quae</span> <span class='ocrx_word' id='word_1_129' title='bbox 697 2273 857 2329; x_wconf 90' lang='lat' dir='ltr'>sunt</span> <span class='ocrx_word' id='word_1_130' title='bbox 917 2264 1069 2327; x_wconf 92' lang='lat' dir='ltr'>Deo</span> <span class='ocrx_word' id='word_1_131' title='bbox 1128 2260 1596 2347; x_wconf 84' lang='lat' dir='ltr'>piacita&#39;—-sic</span> <span class='ocrx_word' id='word_1_132' title='bbox 1655 2263 1834 2326; x_wconf 91' lang='lat' dir='ltr'>enim</span> <span class='ocrx_word' id='word_1_133' title='bbox 1896 2261 2060 2326; x_wconf 91' lang='lat' dir='ltr'>dicit</span> <span class='ocrx_word' id='word_1_134' title='bbox 2101 2272 2231 2343; x_wconf 89' lang='lat' dir='ltr'>pro</span> <span class='ocrx_word' id='word_1_135' title='bbox 2271 2261 2428 2327; x_wconf 79' lang='lat' dir='ltr'>bono</span> <span class='ocrx_word' id='word_1_136' title='bbox 2454 2263 2712 2344; x_wconf 88' lang='lat' dir='ltr'>placito.</span> 
     </span>
     <span class='ocr_line' id='line_1_21' title="bbox 294 2366 1963 2450; baseline 0.001 -21"><span class='ocrx_word' id='word_1_137' title='bbox 294 2366 538 2431; x_wconf 91' lang='lat' dir='ltr'>deinde</span> <span class='ocrx_word' id='word_1_138' title='bbox 578 2367 664 2432; x_wconf 92' lang='lat' dir='ltr'>ad</span> <span class='ocrx_word' id='word_1_139' title='bbox 707 2367 1246 2431; x_wconf 81' lang='lat' dir='ltr'>exhortationem</span> <span class='ocrx_word' id='word_1_140' title='bbox 1296 2366 1600 2450; x_wconf 90' lang='lat' dir='ltr'>perducit</span> <span class='ocrx_word' id='word_1_141' title='bbox 1642 2366 1963 2431; x_wconf 84' lang='lat' dir='ltr'>uerbum:</span> 
     </span>
    </p>
   </div>
   <div class='ocr_carea' id='block_1_13' title="bbox 419 2508 2284 2593">
    <p class='ocr_par' dir='ltr' id='par_1_13' title="bbox 419 2508 2284 2593">
     <span class='ocr_line' id='line_1_22' title="bbox 419 2508 2284 2593; baseline 0.001 -20"><span class='ocrx_word' id='word_1_142' title='bbox 419 2510 641 2574; x_wconf 88' lang='lat' dir='ltr'>omnia</span> <span class='ocrx_word' id='word_1_143' title='bbox 681 2511 893 2592; x_wconf 87' lang='lat' dir='ltr'>facite</span> <span class='ocrx_word' id='word_1_144' title='bbox 916 2510 1057 2573; x_wconf 88' lang='lat' dir='ltr'>sine</span> <span class='ocrx_word' id='word_1_145' title='bbox 1086 2511 1601 2574; x_wconf 81' lang='lat' dir='ltr'>murmuratione</span> <span class='ocrx_word' id='word_1_146' title='bbox 1618 2521 1692 2575; x_wconf 74' lang='lat' dir='ltr'>,et</span> <span class='ocrx_word' id='word_1_147' title='bbox 1716 2508 2284 2593; x_wconf 80' lang='lat' dir='ltr'>disceptationibus.</span> 
     </span>
    </p>
   </div>
   <div class='ocr_carea' id='block_1_14' title="bbox 426 2635 1589 2704">
    <p class='ocr_par' dir='ltr' id='par_1_14' title="bbox 426 2635 1589 2704">
     <span class='ocr_line' id='line_1_23' title="bbox 426 2635 1589 2704; baseline 0.001 -3"><span class='ocrx_word' id='word_1_148' title='bbox 426 2648 499 2702; x_wconf 92' lang='lat' dir='ltr'>ut</span> <span class='ocrx_word' id='word_1_149' title='bbox 529 2638 749 2704; x_wconf 86' lang='lat' dir='ltr'>dicat:</span> <span class='ocrx_word' id='word_1_150' title='bbox 793 2646 807 2671; x_wconf 91' lang='lat'>‘</span> <span class='ocrx_word' id='word_1_151' title='bbox 826 2638 1130 2702; x_wconf 88' lang='lat' dir='ltr'>alacriter</span> <span class='ocrx_word' id='word_1_152' title='bbox 1160 2649 1228 2702; x_wconf 90' lang='lat' dir='ltr'>et</span> <span class='ocrx_word' id='word_1_153' title='bbox 1257 2637 1554 2702; x_wconf 82' lang='lat' dir='ltr'>sollicite.</span> <span class='ocrx_word' id='word_1_154' title='bbox 1574 2635 1589 2661; x_wconf 79' lang='lat'><strong><em>⁹</em></strong></span> 
     </span>
    </p>
   </div>
   <div class='ocr_carea' id='block_1_15' title="bbox 425 2786 2825 2873">
    <p class='ocr_par' dir='ltr' id='par_1_15' title="bbox 425 2786 2825 2873">
     <span class='ocr_line' id='line_1_24' title="bbox 425 2786 2825 2873; baseline 0.001 -20"><span class='ocrx_word' id='word_1_155' title='bbox 425 2799 501 2853; x_wconf 87' lang='lat' dir='ltr'>ut</span> <span class='ocrx_word' id='word_1_156' title='bbox 526 2790 901 2873; x_wconf 71' lang='lat' dir='ltr'>efficiamini</span> <span class='ocrx_word' id='word_1_157' title='bbox 929 2789 1516 2872; x_wconf 74' lang='lat' dir='ltr'>inreprehensibiles</span> <span class='ocrx_word' id='word_1_158' title='bbox 1542 2799 1605 2853; x_wconf 88' lang='lat' dir='ltr'>et</span> <span class='ocrx_word' id='word_1_159' title='bbox 1629 2788 1915 2865; x_wconf 76' lang='lat' dir='ltr'>sinceres,</span> <span class='ocrx_word' id='word_1_160' title='bbox 1940 2788 2090 2872; x_wconf 83' lang='lat' dir='ltr'>filii</span> <span class='ocrx_word' id='word_1_161' title='bbox 2120 2787 2253 2852; x_wconf 84' lang='lat' dir='ltr'>Dei</span> <span class='ocrx_word' id='word_1_162' title='bbox 2291 2786 2709 2865; x_wconf 80' lang='lat' dir='ltr'>immaculati,</span> <span class='ocrx_word' id='word_1_163' title='bbox 2741 2808 2825 2856; x_wconf 87' lang='lat'>20</span> 
     </span>
    </p>
   </div>
   <div class='ocr_carea' id='block_1_16' title="bbox 295 2982 1352 3211">
    <p class='ocr_par' dir='ltr' id='par_1_16' title="bbox 295 2982 1352 3211">
     <span class='ocr_line' id='line_1_25' title="bbox 400 2982 1352 3048; baseline -0.002 -16"><span class='ocrx_word' id='word_1_164' title='bbox 400 2998 420 3032; x_wconf 80' lang='grc' dir='ltr'><strong><em>ι</em></strong></span> <span class='ocrx_word' id='word_1_165' title='bbox 457 2983 668 3032; x_wconf 88' lang='lat' dir='ltr'>consilio</span> <span class='ocrx_word' id='word_1_166' title='bbox 696 2983 868 3032; x_wconf 87' lang='lat' dir='ltr'>CHr</span> <span class='ocrx_word' id='word_1_167' title='bbox 895 2982 904 3046; x_wconf 91' lang='grc'>1</span> <span class='ocrx_word' id='word_1_168' title='bbox 933 2998 1156 3048; x_wconf 88' lang='lat' dir='ltr'>quosom</span> <span class='ocrx_word' id='word_1_169' title='bbox 1185 2983 1352 3033; x_wconf 86' lang='lat' dir='ltr'>CHr</span> 
     </span>
     <span class='ocr_line' id='line_1_26' title="bbox 295 3062 1031 3129; baseline -0.001 -15"><span class='ocrx_word' id='word_1_170' title='bbox 295 3080 328 3129; x_wconf 91' lang='lat'>9</span> <span class='ocrx_word' id='word_1_171' title='bbox 363 3065 574 3115; x_wconf 78' lang='lat' dir='ltr'>faciebat</span> <span class='ocrx_word' id='word_1_172' title='bbox 598 3062 711 3128; x_wconf 71' lang='lat' dir='ltr'>(for</span> <span class='ocrx_word' id='word_1_173' title='bbox 731 3063 936 3127; x_wconf 81' lang='lat' dir='ltr'>fiebant)</span> <span class='ocrx_word' id='word_1_174' title='bbox 963 3065 1031 3113; x_wconf 78' lang='lat' dir='ltr'><em>H</em></span> 
     </span>
     <span class='ocr_line' id='line_1_27' title="bbox 295 3145 1033 3211; baseline 0.001 -17"><span class='ocrx_word' id='word_1_175' title='bbox 295 3145 347 3194; x_wconf 90' lang='lat' dir='ltr'>in</span> <span class='ocrx_word' id='word_1_176' title='bbox 372 3146 517 3195; x_wconf 88' lang='lat' dir='ltr'>uobis</span> <span class='ocrx_word' id='word_1_177' title='bbox 539 3145 638 3209; x_wconf 87' lang='lat' dir='ltr'>(afl</span> <span class='ocrx_word' id='word_1_178' title='bbox 659 3145 819 3211; x_wconf 90' lang='lat' dir='ltr'>inop.)</span> <span class='ocrx_word' id='word_1_179' title='bbox 843 3146 947 3194; x_wconf 85' lang='lat' dir='ltr'>odd</span> <span class='ocrx_word' id='word_1_180' title='bbox 964 3146 1033 3195; x_wconf 70' lang='lat' dir='ltr'>l!</span> 
     </span>
    </p>
   </div>
   <div class='ocr_carea' id='block_1_17' title="bbox 291 3338 1458 4549">
    <p class='ocr_par' dir='ltr' id='par_1_17' title="bbox 294 3338 1458 3650">
     <span class='ocr_line' id='line_1_28' title="bbox 368 3338 1451 3404; baseline -0.002 -15"><span class='ocrx_word' id='word_1_181' title='bbox 368 3356 412 3390; x_wconf 81' lang='grc' dir='ltr'>ι.</span> <span class='ocrx_word' id='word_1_182' title='bbox 477 3356 597 3404; x_wconf 87' lang='lat' dir='ltr'>quos</span> <span class='ocrx_word' id='word_1_183' title='bbox 637 3339 873 3404; x_wconf 78' lang='lat' dir='ltr'>aequales,</span> <span class='ocrx_word' id='word_1_184' title='bbox 923 3338 1043 3401; x_wconf 68' lang='grc' dir='ltr'>δια]</span> <span class='ocrx_word' id='word_1_185' title='bbox 1125 3339 1224 3390; x_wconf 87' lang='lat' dir='ltr'>See</span> <span class='ocrx_word' id='word_1_186' title='bbox 1268 3355 1350 3389; x_wconf 79' lang='lat' dir='ltr'>vv.</span> <span class='ocrx_word' id='word_1_187' title='bbox 1396 3338 1451 3388; x_wconf 86' lang='lat'>11.</span> 
     </span>
     <span class='ocr_line' id='line_1_29' title="bbox 296 3423 1458 3488; baseline -0.001 -16"><span class='ocrx_word' id='word_1_188' title='bbox 296 3423 353 3474; x_wconf 81' lang='lat' dir='ltr'>Is</span> <span class='ocrx_word' id='word_1_189' title='bbox 378 3440 497 3488; x_wconf 86' lang='lat' dir='ltr'>quos</span> <span class='ocrx_word' id='word_1_190' title='bbox 528 3423 570 3471; x_wconf 88' lang='lat' dir='ltr'>is</span> <span class='ocrx_word' id='word_1_191' title='bbox 603 3423 829 3481; x_wconf 87' lang='lat' dir='ltr'>omitted,</span> <span class='ocrx_word' id='word_1_192' title='bbox 862 3423 948 3471; x_wconf 88' lang='lat' dir='ltr'>the</span> <span class='ocrx_word' id='word_1_193' title='bbox 979 3423 1084 3473; x_wconf 80' lang='lat' dir='ltr'>first</span> <span class='ocrx_word' id='word_1_194' title='bbox 1113 3423 1458 3472; x_wconf 79' lang='lat' dir='ltr'>existimarent</span> 
     </span>
     <span class='ocr_line' id='line_1_30' title="bbox 294 3502 1454 3568; baseline -0.003 -15"><span class='ocrx_word' id='word_1_195' title='bbox 294 3504 338 3554; x_wconf 86' lang='lat' dir='ltr'>is</span> <span class='ocrx_word' id='word_1_196' title='bbox 371 3503 695 3568; x_wconf 86' lang='lat' dir='ltr'>superfluous,</span> <span class='ocrx_word' id='word_1_197' title='bbox 734 3503 835 3551; x_wconf 90' lang='lat' dir='ltr'>and</span> <span class='ocrx_word' id='word_1_198' title='bbox 868 3516 998 3553; x_wconf 87' lang='lat' dir='ltr'>must</span> <span class='ocrx_word' id='word_1_199' title='bbox 1032 3505 1159 3553; x_wconf 85' lang='lat' dir='ltr'>have</span> <span class='ocrx_word' id='word_1_200' title='bbox 1197 3503 1350 3553; x_wconf 80' lang='lat' dir='ltr'>found</span> <span class='ocrx_word' id='word_1_201' title='bbox 1391 3502 1454 3551; x_wconf 86' lang='lat' dir='ltr'>its</span> 
     </span>
     <span class='ocr_line' id='line_1_31' title="bbox 294 3584 1452 3650; baseline -0.002 -16"><span class='ocrx_word' id='word_1_202' title='bbox 294 3601 406 3650; x_wconf 81' lang='lat' dir='ltr'>way</span> <span class='ocrx_word' id='word_1_203' title='bbox 424 3585 530 3633; x_wconf 89' lang='lat' dir='ltr'>into</span> <span class='ocrx_word' id='word_1_204' title='bbox 553 3585 651 3633; x_wconf 86' lang='lat' dir='ltr'>this</span> <span class='ocrx_word' id='word_1_205' title='bbox 675 3584 774 3633; x_wconf 88' lang='lat' dir='ltr'>line</span> <span class='ocrx_word' id='word_1_206' title='bbox 797 3584 924 3633; x_wconf 85' lang='lat' dir='ltr'>from</span> <span class='ocrx_word' id='word_1_207' title='bbox 948 3585 1033 3634; x_wconf 86' lang='lat' dir='ltr'>the</span> <span class='ocrx_word' id='word_1_208' title='bbox 1055 3584 1155 3634; x_wconf 85' lang='lat' dir='ltr'>line</span> <span class='ocrx_word' id='word_1_209' title='bbox 1178 3584 1452 3648; x_wconf 82' lang='lat' dir='ltr'>following.</span> 
     </span>
    </p>

    <p class='ocr_par' dir='ltr' id='par_1_18' title="bbox 294 3663 1451 3812">
     <span class='ocr_line' id='line_1_32' title="bbox 359 3663 1451 3728; baseline -0.001 -12"><span class='ocrx_word' id='word_1_210' title='bbox 359 3665 406 3716; x_wconf 91' lang='lat'>6.</span> <span class='ocrx_word' id='word_1_211' title='bbox 479 3682 590 3715; x_wconf 86' lang='lat' dir='ltr'>cum</span> <span class='ocrx_word' id='word_1_212' title='bbox 618 3666 792 3714; x_wconf 83' lang='lat' dir='ltr'>timore</span> <span class='ocrx_word' id='word_1_213' title='bbox 809 3672 855 3714; x_wconf 86' lang='lat' dir='ltr'>et</span> <span class='ocrx_word' id='word_1_214' title='bbox 875 3663 1101 3728; x_wconf 80' lang='lat' dir='ltr'>tremore]</span> <span class='ocrx_word' id='word_1_215' title='bbox 1170 3667 1240 3716; x_wconf 91' lang='lat' dir='ltr'>So</span> <span class='ocrx_word' id='word_1_216' title='bbox 1271 3665 1336 3715; x_wconf 94' lang='lat' dir='ltr'>O.</span> <span class='ocrx_word' id='word_1_217' title='bbox 1364 3666 1451 3723; x_wconf 84' lang='lat' dir='ltr'>L.;</span> 
     </span>
     <span class='ocr_line' id='line_1_33' title="bbox 294 3747 921 3812; baseline -0.002 -16"><span class='ocrx_word' id='word_1_218' title='bbox 294 3747 469 3812; x_wconf 64' lang='lat' dir='ltr'>vulg„</span> <span class='ocrx_word' id='word_1_219' title='bbox 497 3763 607 3796; x_wconf 86' lang='lat' dir='ltr'>cum</span> <span class='ocrx_word' id='word_1_220' title='bbox 634 3755 766 3796; x_wconf 87' lang='lat' dir='ltr'>metu</span> <span class='ocrx_word' id='word_1_221' title='bbox 786 3755 834 3796; x_wconf 89' lang='lat' dir='ltr'>et</span> <span class='ocrx_word' id='word_1_222' title='bbox 854 3754 921 3795; x_wconf 89' lang='lat' dir='ltr'>tr.</span> 
     </span>
    </p>

    <p class='ocr_par' dir='ltr' id='par_1_19' title="bbox 292 3828 1454 4058">
     <span class='ocr_line' id='line_1_34' title="bbox 360 3828 1451 3897; baseline -0.002 -17"><span class='ocrx_word' id='word_1_223' title='bbox 360 3833 408 3880; x_wconf 88' lang='lat'>8.</span> <span class='ocrx_word' id='word_1_224' title='bbox 474 3830 911 3897; x_wconf 83' lang='lat' dir='ltr'>optime...sapere]</span> <span class='ocrx_word' id='word_1_225' title='bbox 978 3828 1260 3880; x_wconf 81' lang='lat' dir='ltr'>Lansranc:</span> <span class='ocrx_word' id='word_1_226' title='bbox 1312 3830 1451 3893; x_wconf 85' lang='lat' dir='ltr'>“op-</span> 
     </span>
     <span class='ocr_line' id='line_1_35' title="bbox 294 3911 1454 3978; baseline -0.003 -15"><span class='ocrx_word' id='word_1_227' title='bbox 294 3914 413 3963; x_wconf 89' lang='lat' dir='ltr'>time</span> <span class='ocrx_word' id='word_1_228' title='bbox 445 3930 534 3978; x_wconf 89' lang='lat' dir='ltr'>per</span> <span class='ocrx_word' id='word_1_229' title='bbox 564 3915 855 3963; x_wconf 87' lang='lat' dir='ltr'>memoriam</span> <span class='ocrx_word' id='word_1_230' title='bbox 890 3922 1044 3978; x_wconf 86' lang='lat' dir='ltr'>praet.</span> <span class='ocrx_word' id='word_1_231' title='bbox 1080 3911 1320 3978; x_wconf 83' lang='lat' dir='ltr'>persuasit</span> <span class='ocrx_word' id='word_1_232' title='bbox 1354 3912 1454 3960; x_wconf 87' lang='lat' dir='ltr'>illis</span> 
     </span>
     <span class='ocr_line' id='line_1_36' title="bbox 292 3991 1224 4058; baseline -0.003 -14"><span class='ocrx_word' id='word_1_233' title='bbox 292 3995 417 4044; x_wconf 85' lang='lat' dir='ltr'>nihil</span> <span class='ocrx_word' id='word_1_234' title='bbox 441 3996 505 4044; x_wconf 88' lang='lat' dir='ltr'>de</span> <span class='ocrx_word' id='word_1_235' title='bbox 526 4003 693 4044; x_wconf 87' lang='lat' dir='ltr'>cetero</span> <span class='ocrx_word' id='word_1_236' title='bbox 716 3994 975 4058; x_wconf 85' lang='lat' dir='ltr'>indignum</span> <span class='ocrx_word' id='word_1_237' title='bbox 999 3991 1224 4058; x_wconf 87' lang='lat' dir='ltr'>sapere.&#39;’</span> 
     </span>
    </p>

    <p class='ocr_par' dir='ltr' id='par_1_20' title="bbox 291 4074 1452 4386">
     <span class='ocr_line' id='line_1_37' title="bbox 365 4074 1451 4140; baseline -0.006 -12"><span class='ocrx_word' id='word_1_238' title='bbox 365 4094 439 4128; x_wconf 88' lang='lat'>10.</span> <span class='ocrx_word' id='word_1_239' title='bbox 507 4075 934 4140; x_wconf 83' lang='lat' dir='ltr'>animiaequiores]</span> <span class='ocrx_word' id='word_1_240' title='bbox 1000 4074 1337 4139; x_wconf 70' lang='grc' dir='ltr'><strong><em>εὐθυμοτέρους</em></strong></span> <span class='ocrx_word' id='word_1_241' title='bbox 1371 4076 1451 4135; x_wconf 73' lang='grc' dir='ltr'><strong>(Ρ).</strong></span> 
     </span>
     <span class='ocr_line' id='line_1_38' title="bbox 293 4157 1452 4223; baseline -0.003 -13"><span class='ocrx_word' id='word_1_242' title='bbox 293 4159 373 4210; x_wconf 88' lang='lat' dir='ltr'>Cf.</span> <span class='ocrx_word' id='word_1_243' title='bbox 423 4158 641 4217; x_wconf 73' lang='lat' dir='ltr'>Ronsch,</span> <span class='ocrx_word' id='word_1_244' title='bbox 686 4159 837 4218; x_wconf 83' lang='lat' dir='ltr'>Itala,</span> <span class='ocrx_word' id='word_1_245' title='bbox 882 4174 931 4223; x_wconf 92' lang='lat' dir='ltr'>p.</span> <span class='ocrx_word' id='word_1_246' title='bbox 976 4173 1091 4221; x_wconf 77' lang='lat'>2²3·</span> <span class='ocrx_word' id='word_1_247' title='bbox 1182 4158 1327 4207; x_wconf 83' lang='lat' dir='ltr'>with</span> <span class='ocrx_word' id='word_1_248' title='bbox 1366 4157 1452 4208; x_wconf 88' lang='lat' dir='ltr'>the</span> 
     </span>
     <span class='ocr_line' id='line_1_39' title="bbox 293 4239 1448 4303; baseline -0.004 -12"><span class='ocrx_word' id='word_1_249' title='bbox 293 4241 421 4291; x_wconf 83' lang='lat' dir='ltr'>form</span> <span class='ocrx_word' id='word_1_250' title='bbox 455 4239 803 4303; x_wconf 82' lang='lat' dir='ltr'>animiacquus</span> <span class='ocrx_word' id='word_1_251' title='bbox 841 4239 904 4288; x_wconf 79' lang='lat' dir='ltr'>cf.</span> <span class='ocrx_word' id='word_1_252' title='bbox 941 4239 1224 4289; x_wconf 65' lang='lat' dir='ltr'>unianimes</span> <span class='ocrx_word' id='word_1_253' title='bbox 1260 4240 1448 4303; x_wconf 85' lang='lat' dir='ltr'>(supra,</span> 
     </span>
     <span class='ocr_line' id='line_1_40' title="bbox 291 4320 809 4386; baseline -0.004 -16"><span class='ocrx_word' id='word_1_254' title='bbox 291 4339 342 4386; x_wconf 89' lang='lat' dir='ltr'>p.</span> <span class='ocrx_word' id='word_1_255' title='bbox 374 4338 485 4385; x_wconf 78' lang='lat'>213,</span> <span class='ocrx_word' id='word_1_256' title='bbox 514 4321 547 4370; x_wconf 91' lang='lat'>1.</span> <span class='ocrx_word' id='word_1_257' title='bbox 578 4341 624 4383; x_wconf 88' lang='lat'>4,</span> <span class='ocrx_word' id='word_1_258' title='bbox 650 4320 809 4380; x_wconf 86' lang='lat' dir='ltr'>note).</span> 
     </span>
    </p>

    <p class='ocr_par' dir='ltr' id='par_1_21' title="bbox 293 4400 1453 4549">
     <span class='ocr_line' id='line_1_41' title="bbox 365 4400 1442 4466; baseline -0.001 -16"><span class='ocrx_word' id='word_1_259' title='bbox 365 4417 437 4450; x_wconf 65' lang='grc' dir='ltr'>ιτ.</span> <span class='ocrx_word' id='word_1_260' title='bbox 487 4400 785 4465; x_wconf 79' lang='lat' dir='ltr'>inoperetur]</span> <span class='ocrx_word' id='word_1_261' title='bbox 853 4400 930 4450; x_wconf 84' lang='lat' dir='ltr'>Cf.</span> <span class='ocrx_word' id='word_1_262' title='bbox 957 4417 1007 4466; x_wconf 92' lang='lat' dir='ltr'>p.</span> <span class='ocrx_word' id='word_1_263' title='bbox 1039 4400 1119 4463; x_wconf 85' lang='lat'>60,</span> <span class='ocrx_word' id='word_1_264' title='bbox 1152 4400 1188 4450; x_wconf 87' lang='lat' dir='ltr'>l.</span> <span class='ocrx_word' id='word_1_265' title='bbox 1232 4415 1274 4458; x_wconf 83' lang='lat' dir='ltr'>r,</span> <span class='ocrx_word' id='word_1_266' title='bbox 1308 4407 1442 4449; x_wconf 87' lang='lat' dir='ltr'>note.</span> 
     </span>
     <span class='ocr_line' id='line_1_42' title="bbox 293 4482 1453 4549; baseline -0.001 -16"><span class='ocrx_word' id='word_1_267' title='bbox 293 4484 394 4534; x_wconf 81' lang='lat' dir='ltr'>For</span> <span class='ocrx_word' id='word_1_268' title='bbox 413 4492 458 4533; x_wconf 84' lang='lat' dir='ltr'>et</span> <span class='ocrx_word' id='word_1_269' title='bbox 477 4483 731 4549; x_wconf 84' lang='lat' dir='ltr'>inoperari</span> <span class='ocrx_word' id='word_1_270' title='bbox 749 4483 834 4534; x_wconf 85' lang='lat' dir='ltr'>the</span> <span class='ocrx_word' id='word_1_271' title='bbox 855 4483 1005 4547; x_wconf 85' lang='lat' dir='ltr'>Vulg.</span> <span class='ocrx_word' id='word_1_272' title='bbox 1027 4484 1115 4533; x_wconf 89' lang='lat' dir='ltr'>has</span> <span class='ocrx_word' id='word_1_273' title='bbox 1136 4491 1182 4533; x_wconf 79' lang='lat' dir='ltr'>et</span> <span class='ocrx_word' id='word_1_274' title='bbox 1194 4482 1453 4549; x_wconf 71' lang='lat' dir='ltr'>perficere:</span> 
     </span>
    </p>
   </div>
   <div class='ocr_carea' id='block_1_18' title="bbox 469 4595 521 4644">
    <p class='ocr_par' dir='ltr' id='par_1_22' title="bbox 469 4595 521 4644">
     <span class='ocr_line' id='line_1_43' title="bbox 469 4595 521 4644; baseline 0 0"><span class='ocrx_word' id='word_1_275' title='bbox 469 4595 521 4644; x_wconf 84' lang='lat' dir='ltr'>S.</span> 
     </span>
    </p>
   </div>
   <div class='ocr_carea' id='block_1_19' title="bbox 1201 2980 2160 3208">
    <p class='ocr_par' dir='ltr' id='par_1_23' title="bbox 1201 2980 2160 3208">
     <span class='ocr_line' id='line_1_44' title="bbox 1532 2980 1984 3043; baseline -0.009 -11"><span class='ocrx_word' id='word_1_276' title='bbox 1532 3000 1580 3043; x_wconf 85' lang='lat'>4,</span> <span class='ocrx_word' id='word_1_277' title='bbox 1616 2997 1668 3031; x_wconf 89' lang='lat'>11</span> <span class='ocrx_word' id='word_1_278' title='bbox 1708 2981 1860 3030; x_wconf 84' lang='lat' dir='ltr'>adicit</span> <span class='ocrx_word' id='word_1_279' title='bbox 1888 2980 1932 3030; x_wconf 89' lang='lat' dir='ltr'><em>C</em></span> <span class='ocrx_word' id='word_1_280' title='bbox 1950 2997 1984 3027; x_wconf 85' lang='lat' dir='ltr'>r</span> 
     </span>
     <span class='ocr_line' id='line_1_45' title="bbox 1201 3063 1989 3128; baseline -0.005 -16"><span class='ocrx_word' id='word_1_281' title='bbox 1201 3078 1261 3113; x_wconf 74' lang='grc' dir='ltr'>ιο</span> <span class='ocrx_word' id='word_1_282' title='bbox 1292 3063 1691 3128; x_wconf 80' lang='lat' dir='ltr'>animaequiores</span> <span class='ocrx_word' id='word_1_283' title='bbox 1718 3063 1761 3111; x_wconf 91' lang='lat' dir='ltr'><em>C</em></span> <span class='ocrx_word' id='word_1_284' title='bbox 1782 3063 1932 3121; x_wconf 58' lang='lat' dir='ltr'>(corr)</span> <span class='ocrx_word' id='word_1_285' title='bbox 1953 3078 1989 3108; x_wconf 80' lang='lat' dir='ltr'>r</span> 
     </span>
     <span class='ocr_line' id='line_1_46' title="bbox 1214 3139 2160 3208; baseline -0.005 -14"><span class='ocrx_word' id='word_1_286' title='bbox 1214 3159 1272 3207; x_wconf 82' lang='grc'>14</span> <span class='ocrx_word' id='word_1_287' title='bbox 1305 3144 1401 3194; x_wconf 86' lang='lat' dir='ltr'>sibi</span> <span class='ocrx_word' id='word_1_288' title='bbox 1424 3145 1527 3194; x_wconf 88' lang='lat' dir='ltr'>inu.</span> <span class='ocrx_word' id='word_1_289' title='bbox 1550 3159 1626 3208; x_wconf 85' lang='lat' dir='ltr'>gr.</span> <span class='ocrx_word' id='word_1_290' title='bbox 1653 3143 1720 3191; x_wconf 93' lang='lat' dir='ltr'>D.</span> <span class='ocrx_word' id='word_1_291' title='bbox 1745 3150 1800 3191; x_wconf 88' lang='lat' dir='ltr'>ut</span> <span class='ocrx_word' id='word_1_292' title='bbox 1822 3156 1950 3201; x_wconf 59' lang='lat' dir='ltr'>nec„</span> <span class='ocrx_word' id='word_1_293' title='bbox 1978 3139 2067 3189; x_wconf 74' lang='grc' dir='ltr'>διο.</span> <span class='ocrx_word' id='word_1_294' title='bbox 2092 3140 2160 3189; x_wconf 76' lang='grc' dir='ltr'><em>Η</em></span> 
     </span>
    </p>
   </div>
   <div class='ocr_carea' id='block_1_20' title="bbox 2159 2977 2716 3125">
    <p class='ocr_par' dir='ltr' id='par_1_24' title="bbox 2159 2977 2716 3125">
     <span class='ocr_line' id='line_1_47' title="bbox 2159 2977 2716 3029; baseline 0 0"><span class='ocrx_word' id='word_1_295' title='bbox 2159 2980 2189 3029; x_wconf 90' lang='lat'>8</span> <span class='ocrx_word' id='word_1_296' title='bbox 2224 2977 2516 3029; x_wconf 83' lang='lat' dir='ltr'>memoriam</span> <span class='ocrx_word' id='word_1_297' title='bbox 2544 2980 2589 3029; x_wconf 91' lang='lat' dir='ltr'><em>C</em></span> <span class='ocrx_word' id='word_1_298' title='bbox 2608 2980 2676 3029; x_wconf 77' lang='lat' dir='ltr'><em>H</em></span> <span class='ocrx_word' id='word_1_299' title='bbox 2683 2996 2716 3028; x_wconf 85' lang='lat' dir='ltr'>r</span> 
     </span>
     <span class='ocr_line' id='line_1_48' title="bbox 2163 3059 2713 3125; baseline 0.002 -16"><span class='ocrx_word' id='word_1_300' title='bbox 2163 3075 2220 3110; x_wconf 74' lang='lat'>12</span> <span class='ocrx_word' id='word_1_301' title='bbox 2254 3059 2542 3125; x_wconf 82' lang='lat' dir='ltr'>inoperatur</span> <span class='ocrx_word' id='word_1_302' title='bbox 2561 3062 2630 3110; x_wconf 81' lang='lat' dir='ltr'><em>H</em></span> <span class='ocrx_word' id='word_1_303' title='bbox 2641 3079 2673 3110; x_wconf 88' lang='lat' dir='ltr'>r</span> <span class='ocrx_word' id='word_1_304' title='bbox 2701 3063 2713 3124; x_wconf 90' lang='grc' dir='ltr'>Ι</span> 
     </span>
    </p>
   </div>
   <div class='ocr_carea' id='block_1_21' title="bbox 1546 3334 2712 4549">
    <p class='ocr_par' dir='ltr' id='par_1_25' title="bbox 1551 3334 2710 3481">
     <span class='ocr_line' id='line_1_49' title="bbox 1554 3334 2710 3399; baseline -0.001 -12"><span class='ocrx_word' id='word_1_305' title='bbox 1554 3337 1620 3387; x_wconf 92' lang='grc' dir='ltr'>Ο.</span> <span class='ocrx_word' id='word_1_306' title='bbox 1660 3337 1737 3396; x_wconf 74' lang='lat' dir='ltr'>L..</span> <span class='ocrx_word' id='word_1_307' title='bbox 1775 3342 1821 3386; x_wconf 78' lang='lat' dir='ltr'>et</span> <span class='ocrx_word' id='word_1_308' title='bbox 1849 3334 2057 3399; x_wconf 86' lang='lat' dir='ltr'>operari.</span> <span class='ocrx_word' id='word_1_309' title='bbox 2125 3335 2267 3385; x_wconf 84' lang='lat' dir='ltr'>Bono</span> <span class='ocrx_word' id='word_1_310' title='bbox 2290 3335 2505 3399; x_wconf 81' lang='lat' dir='ltr'>placito;</span> <span class='ocrx_word' id='word_1_311' title='bbox 2550 3334 2614 3386; x_wconf 91' lang='grc' dir='ltr'>Ο.</span> <span class='ocrx_word' id='word_1_312' title='bbox 2649 3336 2710 3386; x_wconf 86' lang='lat' dir='ltr'>L.</span> 
     </span>
     <span class='ocr_line' id='line_1_50' title="bbox 1551 3417 2293 3481; baseline -0.004 -13"><span class='ocrx_word' id='word_1_313' title='bbox 1551 3419 1654 3468; x_wconf 82' lang='lat' dir='ltr'>and</span> <span class='ocrx_word' id='word_1_314' title='bbox 1679 3419 1847 3481; x_wconf 67' lang='lat' dir='ltr'>vulg„</span> <span class='ocrx_word' id='word_1_315' title='bbox 1865 3418 1999 3466; x_wconf 71' lang='lat' dir='ltr'>hona</span> <span class='ocrx_word' id='word_1_316' title='bbox 2023 3417 2293 3466; x_wconf 80' lang='lat' dir='ltr'>uoluntate.</span> 
     </span>
    </p>

    <p class='ocr_par' dir='ltr' id='par_1_26' title="bbox 1551 3496 2712 3807">
     <span class='ocr_line' id='line_1_51' title="bbox 1626 3496 2710 3562; baseline 0 -15"><span class='ocrx_word' id='word_1_317' title='bbox 1626 3514 1698 3562; x_wconf 81' lang='lat'>¹4-</span> <span class='ocrx_word' id='word_1_318' title='bbox 1759 3500 1830 3547; x_wconf 88' lang='lat' dir='ltr'>sic</span> <span class='ocrx_word' id='word_1_319' title='bbox 1864 3500 1998 3547; x_wconf 85' lang='lat' dir='ltr'>enim</span> <span class='ocrx_word' id='word_1_320' title='bbox 2036 3498 2289 3554; x_wconf 70' lang='lat' dir='ltr'>alacritas,</span> <span class='ocrx_word' id='word_1_321' title='bbox 2328 3496 2446 3558; x_wconf 63' lang='grc' dir='ltr'>δια]</span> <span class='ocrx_word' id='word_1_322' title='bbox 2527 3498 2710 3548; x_wconf 87' lang='lat' dir='ltr'>Thdt.:</span> 
     </span>
     <span class='ocr_line' id='line_1_52' title="bbox 1554 3578 2712 3641; baseline 0 -13"><span class='ocrx_word' id='word_1_323' title='bbox 1554 3582 1821 3641; x_wconf 66' lang='grc' dir='ltr'><strong><em>προθυμίαν</em></strong></span> <span class='ocrx_word' id='word_1_324' title='bbox 1857 3578 2088 3640; x_wconf 73' lang='grc' dir='ltr'><strong><em>εὑρίσκων</em></strong></span> <span class='ocrx_word' id='word_1_325' title='bbox 2124 3578 2259 3637; x_wconf 72' lang='grc' dir='ltr'><strong><em>αὔξει</em></strong></span> <span class='ocrx_word' id='word_1_326' title='bbox 2295 3579 2479 3636; x_wconf 77' lang='grc' dir='ltr'>ταύτην</span> <span class='ocrx_word' id='word_1_327' title='bbox 2513 3579 2593 3628; x_wconf 77' lang='grc' dir='ltr'>διὰ</span> <span class='ocrx_word' id='word_1_328' title='bbox 2626 3579 2712 3638; x_wconf 74' lang='grc' dir='ltr'>τῆς</span> 
     </span>
     <span class='ocr_line' id='line_1_53' title="bbox 1551 3662 2712 3725; baseline -0.003 -13"><span class='ocrx_word' id='word_1_329' title='bbox 1551 3664 1763 3725; x_wconf 74' lang='grc' dir='ltr'><strong><em>χάριτος.</em></strong></span> <span class='ocrx_word' id='word_1_330' title='bbox 1827 3662 2103 3711; x_wconf 73' lang='grc' dir='ltr'>εὐδοκίαν</span> <span class='ocrx_word' id='word_1_331' title='bbox 2131 3663 2184 3711; x_wconf 76' lang='grc' dir='ltr'>δὲ</span> <span class='ocrx_word' id='word_1_332' title='bbox 2204 3662 2262 3712; x_wconf 81' lang='grc' dir='ltr'>τὸ</span> <span class='ocrx_word' id='word_1_333' title='bbox 2284 3662 2472 3723; x_wconf 71' lang='grc' dir='ltr'>ἀγαθὸν</span> <span class='ocrx_word' id='word_1_334' title='bbox 2493 3663 2581 3711; x_wconf 81' lang='grc' dir='ltr'>τοῦ</span> <span class='ocrx_word' id='word_1_335' title='bbox 2601 3662 2712 3710; x_wconf 79' lang='grc' dir='ltr'><strong><em>θεοῦ</em></strong></span> 
     </span>
     <span class='ocr_line' id='line_1_54' title="bbox 1551 3745 2169 3807; baseline 0 -16"><span class='ocrx_word' id='word_1_336' title='bbox 1551 3745 1943 3807; x_wconf 70' lang='grc' dir='ltr'><strong><em>προσηγόρευσεν</em></strong></span> <span class='ocrx_word' id='word_1_337' title='bbox 1964 3745 2169 3803; x_wconf 77' lang='grc' dir='ltr'>θέλημα.</span> 
     </span>
    </p>

    <p class='ocr_par' dir='ltr' id='par_1_27' title="bbox 1548 3824 2710 4129">
     <span class='ocr_line' id='line_1_55' title="bbox 1622 3824 2708 3889; baseline -0.004 -11"><span class='ocrx_word' id='word_1_338' title='bbox 1622 3832 1698 3878; x_wconf 87' lang='lat'>18.</span> <span class='ocrx_word' id='word_1_339' title='bbox 1742 3829 1852 3875; x_wconf 85' lang='lat' dir='ltr'>sine</span> <span class='ocrx_word' id='word_1_340' title='bbox 1871 3826 2269 3874; x_wconf 79' lang='lat' dir='ltr'>murmuratione</span> <span class='ocrx_word' id='word_1_341' title='bbox 2285 3831 2333 3873; x_wconf 90' lang='lat' dir='ltr'>et</span> <span class='ocrx_word' id='word_1_342' title='bbox 2359 3824 2708 3889; x_wconf 66' lang='lat' dir='ltr'>disceptationi·</span> 
     </span>
     <span class='ocr_line' id='line_1_56' title="bbox 1549 3908 2708 3975; baseline -0.005 -14"><span class='ocrx_word' id='word_1_343' title='bbox 1549 3912 1658 3974; x_wconf 84' lang='lat' dir='ltr'>bus]</span> <span class='ocrx_word' id='word_1_344' title='bbox 1739 3911 1910 3975; x_wconf 85' lang='lat' dir='ltr'>Vulg.,</span> <span class='ocrx_word' id='word_1_345' title='bbox 1949 3927 1989 3959; x_wconf 93' lang='lat' dir='ltr'>s.</span> <span class='ocrx_word' id='word_1_346' title='bbox 2031 3908 2511 3958; x_wconf 75' lang='lat' dir='ltr'>murmurationibus</span> <span class='ocrx_word' id='word_1_347' title='bbox 2550 3911 2708 3969; x_wconf 82' lang='lat' dir='ltr'>(mur-</span> 
     </span>
     <span class='ocr_line' id='line_1_57' title="bbox 1551 3992 2710 4055; baseline -0.002 -10"><span class='ocrx_word' id='word_1_348' title='bbox 1551 3996 1842 4055; x_wconf 83' lang='lat' dir='ltr'>muratione,</span> <span class='ocrx_word' id='word_1_349' title='bbox 1887 3994 2062 4044; x_wconf 89' lang='lat' dir='ltr'>Sedul.</span> <span class='ocrx_word' id='word_1_350' title='bbox 2103 3992 2265 4053; x_wconf 91' lang='lat' dir='ltr'>Scot.)</span> <span class='ocrx_word' id='word_1_351' title='bbox 2303 3999 2348 4041; x_wconf 85' lang='lat' dir='ltr'>et</span> <span class='ocrx_word' id='word_1_352' title='bbox 2383 3992 2710 4043; x_wconf 76' lang='lat' dir='ltr'>haesitaltom‘·</span> 
     </span>
     <span class='ocr_line' id='line_1_58' title="bbox 1548 4080 1652 4129; baseline 0 -1"><span class='ocrx_word' id='word_1_353' title='bbox 1548 4080 1652 4129; x_wconf 88' lang='lat' dir='ltr'>bus.</span> 
     </span>
    </p>

    <p class='ocr_par' dir='ltr' id='par_1_28' title="bbox 1546 4153 2708 4549">
     <span class='ocr_line' id='line_1_59' title="bbox 1619 4153 2703 4222; baseline -0.001 -17"><span class='ocrx_word' id='word_1_354' title='bbox 1619 4172 1695 4207; x_wconf 70' lang='lat' dir='ltr'>ao.</span> <span class='ocrx_word' id='word_1_355' title='bbox 1747 4162 1807 4206; x_wconf 85' lang='lat' dir='ltr'>ut</span> <span class='ocrx_word' id='word_1_356' title='bbox 1824 4153 2132 4222; x_wconf 66' lang='lat' dir='ltr'>effictomini]</span> <span class='ocrx_word' id='word_1_357' title='bbox 2166 4155 2241 4203; x_wconf 72' lang='lat' dir='ltr'>lm</span> <span class='ocrx_word' id='word_1_358' title='bbox 2263 4155 2490 4219; x_wconf 73' lang='grc' dir='ltr'><strong><em>γένῃσθε.</em></strong></span> <span class='ocrx_word' id='word_1_359' title='bbox 2551 4154 2703 4220; x_wconf 83' lang='lat' dir='ltr'>Vulg.</span> 
     </span>
     <span class='ocr_line' id='line_1_60' title="bbox 1548 4232 2705 4296; baseline -0.003 -10"><span class='ocrx_word' id='word_1_360' title='bbox 1548 4238 1650 4287; x_wconf 88' lang='lat' dir='ltr'>and</span> <span class='ocrx_word' id='word_1_361' title='bbox 1688 4237 1838 4287; x_wconf 86' lang='lat' dir='ltr'>Latin</span> <span class='ocrx_word' id='word_1_362' title='bbox 1871 4237 2178 4295; x_wconf 86' lang='lat' dir='ltr'>authorities,</span> <span class='ocrx_word' id='word_1_363' title='bbox 2212 4243 2271 4285; x_wconf 80' lang='lat' dir='ltr'>ut</span> <span class='ocrx_word' id='word_1_364' title='bbox 2298 4235 2406 4285; x_wconf 84' lang='lat' dir='ltr'>sitis</span> <span class='ocrx_word' id='word_1_365' title='bbox 2444 4235 2539 4295; x_wconf 70' lang='grc' dir='ltr'>(ἵνα</span> <span class='ocrx_word' id='word_1_366' title='bbox 2578 4232 2705 4296; x_wconf 81' lang='grc' dir='ltr'><strong><em>ἥτε).</em></strong></span> 
     </span>
     <span class='ocr_line' id='line_1_61' title="bbox 1549 4315 2706 4378; baseline -0.001 -10"><span class='ocrx_word' id='word_1_367' title='bbox 1549 4319 1661 4368; x_wconf 91' lang='lat' dir='ltr'>The</span> <span class='ocrx_word' id='word_1_368' title='bbox 1683 4318 1976 4368; x_wconf 85' lang='lat' dir='ltr'>translation</span> <span class='ocrx_word' id='word_1_369' title='bbox 1998 4317 2058 4366; x_wconf 84' lang='lat' dir='ltr'>of</span> <span class='ocrx_word' id='word_1_370' title='bbox 2076 4333 2155 4365; x_wconf 80' lang='lat' dir='ltr'>vv.</span> <span class='ocrx_word' id='word_1_371' title='bbox 2189 4331 2263 4378; x_wconf 76' lang='lat'>¹5.</span> <span class='ocrx_word' id='word_1_372' title='bbox 2297 4315 2354 4366; x_wconf 90' lang='lat'>16</span> <span class='ocrx_word' id='word_1_373' title='bbox 2388 4315 2557 4365; x_wconf 83' lang='lat' dir='ltr'>differs</span> <span class='ocrx_word' id='word_1_374' title='bbox 2588 4332 2706 4367; x_wconf 88' lang='lat' dir='ltr'>con·</span> 
     </span>
     <span class='ocr_line' id='line_1_62' title="bbox 1546 4398 2707 4464; baseline -0.003 -13"><span class='ocrx_word' id='word_1_375' title='bbox 1546 4401 1799 4464; x_wconf 85' lang='lat' dir='ltr'>siderably</span> <span class='ocrx_word' id='word_1_376' title='bbox 1822 4399 1947 4448; x_wconf 86' lang='lat' dir='ltr'>from</span> <span class='ocrx_word' id='word_1_377' title='bbox 1978 4399 2099 4448; x_wconf 87' lang='lat' dir='ltr'>both</span> <span class='ocrx_word' id='word_1_378' title='bbox 2125 4399 2188 4448; x_wconf 93' lang='lat' dir='ltr'>O.</span> <span class='ocrx_word' id='word_1_379' title='bbox 2209 4399 2268 4448; x_wconf 91' lang='lat' dir='ltr'>L.</span> <span class='ocrx_word' id='word_1_380' title='bbox 2297 4399 2396 4448; x_wconf 86' lang='lat' dir='ltr'>and</span> <span class='ocrx_word' id='word_1_381' title='bbox 2421 4398 2590 4463; x_wconf 85' lang='lat' dir='ltr'>Vulg.‚</span> <span class='ocrx_word' id='word_1_382' title='bbox 2616 4400 2707 4448; x_wconf 89' lang='lat' dir='ltr'>but</span> 
     </span>
     <span class='ocr_line' id='line_1_63' title="bbox 1546 4480 2708 4549; baseline -0.003 -17"><span class='ocrx_word' id='word_1_383' title='bbox 1546 4483 1638 4532; x_wconf 84' lang='lat' dir='ltr'>has</span> <span class='ocrx_word' id='word_1_384' title='bbox 1656 4482 1825 4549; x_wconf 87' lang='lat' dir='ltr'>points</span> <span class='ocrx_word' id='word_1_385' title='bbox 1841 4481 1902 4530; x_wconf 78' lang='lat' dir='ltr'>of</span> <span class='ocrx_word' id='word_1_386' title='bbox 1917 4481 2255 4530; x_wconf 87' lang='lat' dir='ltr'>resemblance</span> <span class='ocrx_word' id='word_1_387' title='bbox 2274 4487 2327 4530; x_wconf 84' lang='lat' dir='ltr'>to</span> <span class='ocrx_word' id='word_1_388' title='bbox 2345 4480 2452 4530; x_wconf 85' lang='lat' dir='ltr'>that</span> <span class='ocrx_word' id='word_1_389' title='bbox 2467 4481 2617 4544; x_wconf 83' lang='lat' dir='ltr'>given</span> <span class='ocrx_word' id='word_1_390' title='bbox 2641 4482 2708 4544; x_wconf 84' lang='lat' dir='ltr'>by</span> 
     </span>
    </p>
   </div>
   <div class='ocr_carea' id='block_1_22' title="bbox 2458 4590 2527 4654">
    <p class='ocr_par' dir='ltr' id='par_1_29' title="bbox 2458 4590 2527 4654">
     <span class='ocr_line' id='line_1_64' title="bbox 2458 4590 2527 4654; baseline 0 0"><span class='ocrx_word' id='word_1_391' title='bbox 2458 4590 2527 4654; x_wconf 81' lang='lat'>15</span> 
     </span>
    </p>
   </div>
  </div>
 </body>
</html>
