3293 5233
494 365 625 432 254
1159 359 1617 413 rflnonoaus
1666 359 2251 412 Morsusssrssnus

494 538 613 605 est,
644 529 1020 613 ubicunque
1050 529 1159 594 uel
1192 529 1277 594 ad
1309 547 1743 613 quoscunque
1772 526 1999 592 scribit
2043 548 2212 610 quos
2256 537 2413 591 ante
2457 546 2590 591 non
2636 526 2915 601 uiderat,

496 631 610 696 illa
639 654 811 717 quae
841 633 1206 697 secundum
1240 632 1578 697 Christum
1610 642 1767 695 sunt
1796 631 2139 708 extollere,
2170 642 2238 696 et
2269 632 2617 697 ostendere
2649 631 2911 697 illorum

500 737 1030 819 magnitudinem
1061 757 1234 820 quae
1264 756 1383 818 per
1412 756 1564 798 eum
1598 734 1851 798 directa
1882 745 2077 812 sunt;
2115 756 2196 799 eo
2228 737 2408 820 quod
2442 757 2565 801 nec
2595 736 2914 819 possibile

499 847 643 901 erat
673 837 865 901 aliter
894 858 1209 920 magnum
1246 837 1406 920 quid
1440 847 1508 900 et
1538 835 1700 899 utile
1730 837 1991 900 ostendi
2024 837 2171 914 illis,
2202 838 2315 921 qui
2355 837 2535 901 illam
2578 848 2917 903 sectantur

436 949 466 1015 5
504 940 705 1003 fidem
737 960 909 1023 quae
940 941 1007 1003 in
1040 960 1191 1003 eum
1225 949 1342 1003 est.
1431 938 1557 1002 hoc
1602 959 1759 1001 uero
1802 940 1867 1001 in
1914 938 2061 1003 loco
2108 962 2242 1005 non
2286 941 2502 1005 solum
2548 943 2914 1007 secundum

501 1042 678 1104 hunc
725 1042 999 1105 modum
1047 1040 1484 1104 necessariam
1533 1041 1658 1103 sibi
1705 1040 1877 1104 hanc
1918 1062 2060 1105 esse
2097 1044 2539 1125 perspiciebat
2570 1046 2915 1122 rationem,

504 1144 620 1207 sed
670 1154 940 1226 propter
991 1144 1138 1206 illos
1184 1144 1295 1226 qui
1339 1141 1426 1206 ex
1474 1144 1970 1207 circumcisione
2017 1154 2221 1220 erant,
2267 1146 2380 1229 qui
2422 1148 2605 1209 omni
2654 1147 2720 1210 in
2770 1146 2917 1210 loco

504 1256 933 1328 peragrantes
983 1245 1134 1310 illos
1182 1246 1295 1329 qui
1345 1267 1434 1310 ex
1486 1247 1799 1327 gentibus
1848 1248 2267 1312 crediderunt
2307 1251 2716 1332 persuadere
2766 1273 2922 1336 pro·

506 1352 830 1435 perabant
870 1359 944 1413 ut
989 1371 1141 1414 cum
1190 1349 1304 1413 illa
1350 1349 1482 1412 fide
1527 1370 1729 1433 quam
1778 1352 1845 1413 in
1899 1350 2163 1416 Christo
2209 1351 2459 1418 habent
2503 1356 2702 1419 etiam
2752 1355 2921 1439 legis

402 1472 480 1517 10
505 1453 914 1516 custodirent
961 1452 1266 1529 decreta;
1320 1452 1477 1534 quia
1528 1472 1689 1534 ergo
1741 1462 1810 1516 et
1862 1455 1946 1517 ad
2000 1454 2430 1519 Colossenses
2483 1468 2800 1522 uenerant
2851 1468 2924 1523 et

506 1556 708 1638 paulo
755 1557 973 1619 minus
1010 1555 1339 1637 aliquibus
1386 1575 1614 1617 eorum
1662 1565 2009 1619 suaserunt
2056 1566 2128 1620 ut
2173 1556 2485 1640 legitimis
2531 1559 2923 1623 inseruirent

506 1661 805 1724 decretis.
895 1680 1050 1724 nam
1084 1661 1244 1723 dum
1277 1660 1570 1722 ostendit
1616 1657 1876 1721 illorum
1917 1661 2346 1724 eminentiam
2378 1683 2550 1745 quae
2581 1683 2621 1726 a
2654 1662 2924 1728 Christo

507 1763 757 1826 directa
793 1773 965 1839 sunt,
1007 1761 1337 1826 infirmam
1382 1762 1609 1843 utique
1648 1761 2046 1824 ostendebat
2077 1784 2219 1826 esse
2251 1761 2486 1845 legem,
2518 1763 2923 1847 superfluam

508 1863 705 1926 simul
755 1873 822 1928 et
870 1885 1114 1927 uanam
1164 1865 1302 1927 eius
1348 1862 1763 1945 diligentiam
1818 1872 1886 1925 et
1931 1864 2303 1927 custodiam
2353 1885 2496 1927 esse
2545 1865 2924 1929 ostendens

407 1983 475 2047 15
509 1976 788 2049 utraque
819 1987 976 2049 ergo
1008 1988 1095 2044 ex
1126 1987 1325 2030 causa
1357 1968 1449 2030 ita
1478 1966 1721 2042 scribit,
1754 1987 1886 2030 una
1917 1968 2096 2049 quod
2130 1978 2289 2051 apta
2320 1968 2412 2031 illi
2444 1990 2589 2032 esse
2614 1976 2926 2051 poterant

510 2073 669 2137 talia
716 2073 1016 2155 inprimis
1062 2071 1388 2145 scribenti,
1430 2069 1638 2136 altera
1683 2071 1863 2153 quod
1908 2070 2168 2133 illorum
2212 2092 2412 2135 causa
2450 2073 2561 2155 qui
2609 2081 2796 2135 erant
2834 2093 2924 2135 ex

509 2175 1004 2237 circumcisione
1079 2171 1401 2236 extollere
1478 2171 1589 2234 illa
1652 2172 2052 2253 properabat
2111 2195 2282 2257 quae
2343 2185 2497 2238 sunt
2557 2175 2925 2238 secundum

513 2280 868 2354 Christum,
920 2279 1090 2340 sicut
1138 2287 1205 2340 et
1250 2277 1653 2339 conueniens
1699 2287 1858 2351 erat,
1903 2278 2431 2358 magnitudinem
2479 2300 2707 2342 eorum
2752 2300 2926 2362 quae

511 2391 666 2444 sunt
708 2391 898 2463 gesta
945 2378 1305 2461 explicans,
1396 2378 1639 2441 deinde
1686 2389 1753 2442 et
1796 2389 1949 2461 post
1989 2379 2117 2442 hoc
2158 2380 2499 2444 euidenter
2536 2382 2929 2446 exhortatur

401 2504 486 2550 20
513 2492 586 2546 ut
617 2502 749 2545 non
782 2482 1184 2545 suadeantur
1214 2482 1299 2543 ab
1331 2478 1457 2544 illis
1489 2480 1601 2562 qui
1632 2482 1796 2544 talia
1826 2502 1939 2546 eos
1972 2481 2208 2545 docere
2240 2492 2707 2565 pertemptant,
2742 2484 2927 2548 omni

513 2609 601 2654 ex
656 2597 843 2670 parte
897 2586 1332 2670 pronuntians
1379 2585 1558 2668 quod
1611 2605 1746 2653 non
1801 2585 1886 2649 sit
1941 2585 2068 2649 illis
2116 2585 2289 2650 ultra
2341 2587 2708 2651 necessaria
2761 2587 2928 2672 legis

513 2694 853 2771 custodia;
902 2702 969 2755 et
1007 2699 1159 2773 post
1200 2689 1326 2752 hoc
1357 2690 1442 2752 ad
1475 2687 2010 2752 exhortationem
2044 2710 2342 2771 egressus
2375 2711 2573 2773 super
2602 2690 2826 2754 multis
2861 2701 2930 2755 et

514 2797 897 2860 necessariis
950 2797 1143 2858 rebus
1196 2793 1507 2856 omnibus
1561 2791 1688 2854 illis
1742 2791 2051 2874 loquitur.
2140 2791 2600 2855 inchoabimus
2655 2814 2811 2856 uero
2859 2795 2927 2858 in

514 2898 1067 2982 subsequentibus
1128 2916 1276 2958 eam
1329 2895 1540 2959 facere
1589 2896 2053 2969 narrationem,
2102 2916 2273 2978 quae
2333 2916 2450 2976 per
2509 2903 2731 2977 partes
2784 2917 2930 2959 esse

403 3012 480 3078 25
518 3000 815 3078 uidetur3
857 3021 936 3062 eo
968 2998 1147 3081 quod
1181 2996 1293 3060 illa
1325 3019 1495 3079 quae
1527 2997 1612 3059 ad
1646 3007 2111 3080 argumentum
2139 2998 2460 3081 epistolae
2490 2998 2934 3080 pertinebant,

515 3107 582 3169 in
614 3105 718 3168 his
748 3105 1145 3168 sufficienter
1173 3101 1506 3184 patefacta
1539 3111 1709 3165 sunt.

2724 3306 2787 3340 20
2820 3306 2933 3341 sua-

2661 3389 2686 3423 2
2693 3388 2720 3435 5
2757 3373 2934 3424 uiden·

616 3310 643 3358 3
678 3294 762 3359 qui
787 3309 876 3358 per
897 3310 941 3342 e.
967 3293 1141 3342 directi
1164 3298 1276 3340 sunt
1305 3291 1473 3340 CIlr
1614 3304 1646 3354 9
1682 3298 1729 3340 et
1758 3288 1869 3354 (fhr
1888 3292 1962 3351 ut)
1993 3289 2063 3340 C*
2088 3307 2120 3340 r
2253 3302 2307 3353 15
2344 3298 2540 3354 poterat
2564 3307 2597 3340 r

516 3379 697 3427 dantur
724 3376 793 3425 C*
817 3377 885 3424 H
954 3377 1221 3423 suadentur
1244 3391 1274 3422 r
1300 3372 1307 3436 Ι
1338 3389 1440 3423 non
1461 3389 1539 3421 om
1563 3388 1595 3421 r
1619 3371 1626 3436 Ι
1658 3381 1978 3437 praeceptam
2005 3371 2119 3437 (for
2139 3374 2430 3438 pertempt.)
2456 3389 2489 3422 r

518 3469 597 3511 tur
624 3459 692 3508 C*
717 3458 827 3505 Ην
853 3454 861 3518 Ι
892 3471 1018 3519 quae
1041 3472 1116 3505 om
1141 3456 1208 3504 ll

585 3657 631 3691 2.
673 3640 1068 3701 illorum...quac
1080 3644 1174 3699 per
1193 3651 1303 3685 cum
1325 3636 1510 3684 directa
1533 3635 1677 3695 sunt]

529 3720 679 3770 Ξτῶν
702 3720 761 3770 δι’
780 3722 925 3769 αὐτοῦ
944 3720 1362 3779 κατορθωθέντωνῑ
1400 3718 1461 3766 cs.
1487 3734 1571 3781 pp.
1593 3733 1670 3779 52,

519 3807 569 3855 ll.
608 3821 653 3862 2,
695 3818 779 3865 ²73
820 3818 927 3867 279,
968 3801 1018 3849 ll.
1062 3803 1136 3857 18,
1176 3814 1254 3862 25.
1323 3800 1434 3848 The
1469 3799 1677 3861 reading

519 3886 577 3934 of
599 3886 684 3934 the
714 3883 868 3932 MSS.
906 3882 1004 3944 (see
1027 3897 1108 3930 vv.
1133 3880 1211 3940 11.)
1245 3896 1360 3943 may
1393 3882 1456 3929 be
1490 3880 1588 3927 due
1622 3890 1676 3928 to

519 3985 548 4018 a
594 3965 1054 4031 misapprehension
1102 3979 1169 4013 on
1214 3962 1298 4011 the
1342 3970 1453 4025 part
1493 3961 1551 4009 os
1589 3961 1675 4010 the

518 4051 795 4100 translator.

587 4147 633 4197 7.
708 4133 799 4197 qui
835 4131 977 4181 omni
1016 4131 1071 4179 in
1121 4130 1231 4188 loce,
1276 4126 1389 4188 δια]
1459 4126 1539 4175 Cs.
1588 4127 1675 4175 the

519 4227 803 4281 arguments
822 4224 874 4264 to
893 4216 977 4263 the
993 4215 1135 4264 three
1151 4211 1419 4277 preceding
1436 4211 1673 4274 Epistlcs.

520 4297 717 4356 Chrys„
743 4294 883 4351 Oec.,
918 4292 1130 4353 Thpht.,
1159 4291 1415 4352 recognize
1446 4304 1475 4336 a
1506 4288 1674 4337 Greek

519 4393 574 4426 as
597 4377 710 4425 well
742 4392 797 4423 as
829 4391 859 4422 a
886 4374 1073 4437 Jewish
1111 4372 1325 4421 elemcnt
1356 4371 1408 4419 in
1443 4371 1527 4419 the
1550 4371 1674 4419 false

520 4458 752 4519 tcaching
774 4464 823 4506 at
849 4456 1116 4514 Colossae3
1152 4454 1511 4515 παρατηρήσεις
1540 4454 1675 4513 εἶχον

1781 3635 1969 3684 πολλὰς
2035 3635 2116 3683 καὶ
2171 3633 2433 3684 Ἰουδαΐκὰς
2494 3635 2575 3683 καὶ
2631 3631 2939 3694 Ἑλληνικάς.

1780 3717 1954 3771 ΤΙιάῑ.,
1973 3716 2074 3764 like
2100 3715 2216 3771 Th„
2242 3716 2421 3779 speaks
2445 3715 2565 3778 only
2586 3714 2646 3763 of
2660 3713 2745 3763 the
2768 3714 2936 3764 latter.

1850 3812 1867 3845 1
1880 3812 1926 3844 2.
1972 3797 2536 3859 ostcmlit...custodiam]
2591 3797 2937 3847 Abbreviated

1779 3880 1845 3943 by
1871 3880 2136 3928 Lansranc.

1845 3976 1922 4009 20.
2001 3960 2333 4021 suadeantur]
2423 3959 2503 4009 Cf.
2557 3976 2639 4009 vv.
2696 3959 2780 4018 ll.;
2833 3961 2940 4010 and

1773 4042 1848 4091 sor
1882 4060 1993 4091 exx.
2018 4043 2077 4091 os
2104 4043 2188 4091 the
2219 4058 2306 4091 use
2337 4042 2396 4091 of
2423 4042 2508 4092 the
2540 4042 2671 4091 third
2704 4042 2834 4106 conj.
2861 4042 2939 4092 for

1775 4126 1860 4172 the
1900 4126 2103 4184 second,
2149 4142 2230 4173 see
2273 4123 2494 4179 Ronsch‚
2528 4124 2680 4182 Itala,
2726 4139 2779 4186 p.
2818 4125 2933 4187 283.

1780 4206 1854 4254 As
1886 4206 1971 4255 the
2007 4206 2214 4269 reading
2244 4205 2285 4253 is
2316 4203 2547 4252 doubtful
2580 4203 2714 4263 here,
2751 4204 2775 4253 1
2807 4202 2939 4255 have

1776 4288 2010 4336 followed
2037 4288 2121 4337 the
2147 4286 2330 4337 Corbic
2354 4294 2619 4335 corrector.

1843 4385 1922 4418 22.
1976 4376 2022 4419 et
2050 4377 2163 4434 post
2196 4369 2454 4419 leoc...illis
2489 4367 2737 4431 loquitur]
2804 4367 2942 4417 Lan-

1774 4451 1931 4501 franc.
