<?xml version="1.0" encoding="UTF-8"?>
<!DOCTYPE html PUBLIC "-//W3C//DTD XHTML 1.0 Transitional//EN"
    "http://www.w3.org/TR/xhtml1/DTD/xhtml1-transitional.dtd">
<html xmlns="http://www.w3.org/1999/xhtml" xml:lang="en" lang="en">
 <head>
  <title>
</title>
<meta http-equiv="Content-Type" content="text/html;charset=utf-8" />
  <meta name='ocr-system' content='tesseract 3.04.00' />
  <meta name='ocr-capabilities' content='ocr_page ocr_carea ocr_par ocr_line ocrx_word'/>
</head>
<body>
  <div class='ocr_page' id='page_1' title='image "./theodoriepiscop00mopsgoog_0237.png"; bbox 0 0 3293 5233; ppageno 0'>
   <div class='ocr_carea' id='block_1_1' title="bbox 326 435 2738 524">
    <p class='ocr_par' dir='ltr' id='par_1_1' title="bbox 326 435 2738 524">
     <span class='ocr_line' id='line_1_1' title="bbox 326 435 2738 524; baseline -0.001 -24"><span class='ocrx_word' id='word_1_1' title='bbox 326 435 376 502; x_wconf 92' lang='lat'><strong>1.</strong></span> <span class='ocrx_word' id='word_1_2' title='bbox 411 455 511 517; x_wconf 88' lang='lat'><strong>22,</strong></span> <span class='ocrx_word' id='word_1_3' title='bbox 545 437 671 524; x_wconf 83' lang='lat'><strong>23.]</strong></span> <span class='ocrx_word' id='word_1_4' title='bbox 1122 451 1206 503; x_wconf 79' lang='lat' dir='ltr'><strong>m</strong></span> <span class='ocrx_word' id='word_1_5' title='bbox 1254 451 1357 502; x_wconf 80' lang='grc' dir='ltr'><strong>ΕΡ.</strong></span> <span class='ocrx_word' id='word_1_6' title='bbox 1404 451 1507 501; x_wconf 84' lang='lat' dir='ltr'><strong>AD</strong></span> <span class='ocrx_word' id='word_1_7' title='bbox 1553 439 1925 501; x_wconf 75' lang='lat' dir='ltr'><strong>EPHEsms.</strong></span> <span class='ocrx_word' id='word_1_8' title='bbox 2615 448 2738 516; x_wconf 86' lang='lat'><strong>139</strong></span> 
     </span>
    </p>
   </div>
   <div class='ocr_carea' id='block_1_2' title="bbox 450 622 1657 709">
    <p class='ocr_par' dir='ltr' id='par_1_2' title="bbox 450 622 1657 709">
     <span class='ocr_line' id='line_1_2' title="bbox 450 622 1657 709; baseline -0.002 -19"><span class='ocrx_word' id='word_1_9' title='bbox 450 637 516 690; x_wconf 84' lang='lat' dir='ltr'><strong>et</strong></span> <span class='ocrx_word' id='word_1_10' title='bbox 539 626 760 691; x_wconf 82' lang='lat' dir='ltr'><strong>omnia</strong></span> <span class='ocrx_word' id='word_1_11' title='bbox 785 624 1049 691; x_wconf 80' lang='lat' dir='ltr'><strong>subiecit</strong></span> <span class='ocrx_word' id='word_1_12' title='bbox 1070 626 1190 691; x_wconf 85' lang='lat' dir='ltr'><strong>sub</strong></span> <span class='ocrx_word' id='word_1_13' title='bbox 1204 624 1477 709; x_wconf 83' lang='lat' dir='ltr'><strong>pedibus</strong></span> <span class='ocrx_word' id='word_1_14' title='bbox 1502 622 1657 688; x_wconf 78' lang='lat' dir='ltr'><strong>eius.</strong></span> 
     </span>
    </p>
   </div>
   <div class='ocr_carea' id='block_1_3' title="bbox 320 751 2736 943">
    <p class='ocr_par' dir='ltr' id='par_1_3' title="bbox 320 751 2736 943">
     <span class='ocr_line' id='line_1_3' title="bbox 452 751 2736 840; baseline -0.001 -21"><span class='ocrx_word' id='word_1_15' title='bbox 452 757 925 840; x_wconf 86' lang='lat' dir='ltr'><strong>compendiose</strong></span> <span class='ocrx_word' id='word_1_16' title='bbox 975 757 1195 821; x_wconf 87' lang='lat' dir='ltr'><strong>dicere</strong></span> <span class='ocrx_word' id='word_1_17' title='bbox 1253 756 1482 834; x_wconf 91' lang='lat' dir='ltr'><strong>uoluit,</strong></span> <span class='ocrx_word' id='word_1_18' title='bbox 1534 754 1870 820; x_wconf 87' lang='lat' dir='ltr'><strong>‘omnium</strong></span> <span class='ocrx_word' id='word_1_19' title='bbox 1931 752 2120 818; x_wconf 89' lang='lat' dir='ltr'><strong>illum</strong></span> <span class='ocrx_word' id='word_1_20' title='bbox 2172 751 2521 819; x_wconf 87' lang='lat' dir='ltr'><strong>dominum</strong></span> <span class='ocrx_word' id='word_1_21' title='bbox 2580 773 2736 818; x_wconf 90' lang='lat' dir='ltr'><strong>con-</strong></span> 
     </span>
     <span class='ocr_line' id='line_1_4' title="bbox 320 857 1393 943; baseline 0 -22"><span class='ocrx_word' id='word_1_22' title='bbox 320 857 570 924; x_wconf 64' lang='lat' dir='ltr'><strong>stituit!</strong></span> <span class='ocrx_word' id='word_1_23' title='bbox 658 868 728 922; x_wconf 94' lang='lat' dir='ltr'><strong>et</strong></span> <span class='ocrx_word' id='word_1_24' title='bbox 757 859 1028 942; x_wconf 90' lang='lat' dir='ltr'><strong>quidem</strong></span> <span class='ocrx_word' id='word_1_25' title='bbox 1059 859 1237 943; x_wconf 90' lang='lat' dir='ltr'><strong>apud</strong></span> <span class='ocrx_word' id='word_1_26' title='bbox 1267 879 1393 922; x_wconf 89' lang='lat' dir='ltr'><strong>nos</strong></span> 
     </span>
    </p>
   </div>
   <div class='ocr_carea' id='block_1_4' title="bbox 304 1037 2737 1227">
    <p class='ocr_par' dir='ltr' id='par_1_4' title="bbox 304 1037 2737 1227">
     <span class='ocr_line' id='line_1_5' title="bbox 451 1037 2737 1124; baseline 0 -23"><span class='ocrx_word' id='word_1_27' title='bbox 451 1037 661 1120; x_wconf 59' lang='lat' dir='ltr'><strong>ipsum</strong></span> <span class='ocrx_word' id='word_1_28' title='bbox 708 1039 890 1104; x_wconf 81' lang='lat' dir='ltr'><em>dedit</em></span> <span class='ocrx_word' id='word_1_29' title='bbox 940 1051 1130 1124; x_wconf 85' lang='lat' dir='ltr'><strong>caput</strong></span> <span class='ocrx_word' id='word_1_30' title='bbox 1182 1051 1372 1123; x_wconf 83' lang='lat' dir='ltr'><strong>super</strong></span> <span class='ocrx_word' id='word_1_31' title='bbox 1426 1039 1607 1104; x_wconf 84' lang='lat' dir='ltr'><strong>omni</strong></span> <span class='ocrx_word' id='word_1_32' title='bbox 1661 1038 1911 1104; x_wconf 81' lang='lat' dir='ltr'><strong>ecclesia</strong></span> <span class='ocrx_word' id='word_1_33' title='bbox 1969 1061 2131 1122; x_wconf 82' lang='lat' dir='ltr'><strong>quae</strong></span> <span class='ocrx_word' id='word_1_34' title='bbox 2175 1048 2272 1104; x_wconf 86' lang='lat' dir='ltr'><strong>est</strong></span> <span class='ocrx_word' id='word_1_35' title='bbox 2317 1049 2540 1123; x_wconf 82' lang='lat' dir='ltr'><strong>corpus</strong></span> <span class='ocrx_word' id='word_1_36' title='bbox 2582 1037 2737 1115; x_wconf 81' lang='lat' dir='ltr'><strong>eius,</strong></span> 
     </span>
     <span class='ocr_line' id='line_1_6' title="bbox 304 1141 2050 1227; baseline 0.002 -22"><span class='ocrx_word' id='word_1_37' title='bbox 304 1141 641 1224; x_wconf 82' lang='lat' dir='ltr'><em>plenitudo</em></span> <span class='ocrx_word' id='word_1_38' title='bbox 665 1143 806 1207; x_wconf 86' lang='lat' dir='ltr'><strong>eius</strong></span> <span class='ocrx_word' id='word_1_39' title='bbox 832 1144 952 1226; x_wconf 84' lang='lat' dir='ltr'><strong>qui</strong></span> <span class='ocrx_word' id='word_1_40' title='bbox 973 1144 1192 1208; x_wconf 82' lang='lat' dir='ltr'><strong>omnia</strong></span> <span class='ocrx_word' id='word_1_41' title='bbox 1222 1143 1293 1207; x_wconf 76' lang='lat' dir='ltr'><strong>in</strong></span> <span class='ocrx_word' id='word_1_42' title='bbox 1320 1144 1617 1207; x_wconf 80' lang='lat' dir='ltr'><strong>omnibus</strong></span> <span class='ocrx_word' id='word_1_43' title='bbox 1643 1143 2050 1227; x_wconf 85' lang='lat' dir='ltr'><em>adimpletur.</em></span> 
     </span>
    </p>
   </div>
   <div class='ocr_carea' id='block_1_5' title="bbox 318 1274 2737 2694">
    <p class='ocr_par' dir='ltr' id='par_1_5' title="bbox 318 1274 2737 2694">
     <span class='ocr_line' id='line_1_7' title="bbox 453 1274 2735 1358; baseline 0.002 -22"><span class='ocrx_word' id='word_1_44' title='bbox 453 1278 470 1304; x_wconf 89' lang='lat'>‘</span> <span class='ocrx_word' id='word_1_45' title='bbox 491 1294 846 1338; x_wconf 89' lang='lat' dir='ltr'><strong>commune</strong></span> <span class='ocrx_word' id='word_1_46' title='bbox 896 1274 1158 1358; x_wconf 89' lang='lat' dir='ltr'><strong>(inquit)</strong></span> <span class='ocrx_word' id='word_1_47' title='bbox 1209 1286 1312 1339; x_wconf 90' lang='lat' dir='ltr'><strong>est</strong></span> <span class='ocrx_word' id='word_1_48' title='bbox 1355 1275 1483 1340; x_wconf 90' lang='lat' dir='ltr'><strong>hoc</strong></span> <span class='ocrx_word' id='word_1_49' title='bbox 1513 1276 1767 1339; x_wconf 89' lang='lat' dir='ltr'><strong>bonum</strong></span> <span class='ocrx_word' id='word_1_50' title='bbox 1800 1277 2110 1341; x_wconf 88' lang='lat' dir='ltr'><strong>omnibus</strong></span> <span class='ocrx_word' id='word_1_51' title='bbox 2141 1276 2350 1352; x_wconf 79' lang='lat' dir='ltr'><strong>nobiS,</strong></span> <span class='ocrx_word' id='word_1_52' title='bbox 2380 1275 2494 1358; x_wconf 90' lang='lat' dir='ltr'><strong>qui</strong></span> <span class='ocrx_word' id='word_1_53' title='bbox 2527 1278 2735 1341; x_wconf 92' lang='lat' dir='ltr'><strong>credi-</strong></span> 
     </span>
     <span class='ocr_line' id='line_1_8' title="bbox 320 1374 2735 1461; baseline 0.001 -23"><span class='ocrx_word' id='word_1_54' title='bbox 320 1374 577 1440; x_wconf 65' lang='lat' dir='ltr'><strong>dimus!</strong></span> <span class='ocrx_word' id='word_1_55' title='bbox 658 1377 908 1459; x_wconf 84' lang='lat' dir='ltr'><strong>quare?</strong></span> <span class='ocrx_word' id='word_1_56' title='bbox 984 1379 1340 1460; x_wconf 89' lang='lat' dir='ltr'><strong>‘quoniam</strong></span> <span class='ocrx_word' id='word_1_57' title='bbox 1394 1399 1633 1460; x_wconf 88' lang='lat' dir='ltr'><strong>corpus</strong></span> <span class='ocrx_word' id='word_1_58' title='bbox 1693 1379 1834 1442; x_wconf 91' lang='lat' dir='ltr'><strong>eius</strong></span> <span class='ocrx_word' id='word_1_59' title='bbox 1886 1398 2115 1441; x_wconf 89' lang='lat' dir='ltr'><strong>sumus</strong></span> <span class='ocrx_word' id='word_1_60' title='bbox 2167 1398 2402 1441; x_wconf 90' lang='lat' dir='ltr'><strong>omnes</strong></span> <span class='ocrx_word' id='word_1_61' title='bbox 2451 1399 2573 1441; x_wconf 90' lang='lat' dir='ltr'><strong>nos</strong></span> <span class='ocrx_word' id='word_1_62' title='bbox 2621 1379 2735 1461; x_wconf 90' lang='lat' dir='ltr'><strong>qui</strong></span> 
     </span>
     <span class='ocr_line' id='line_1_9' title="bbox 321 1478 2737 1562; baseline 0.002 -24"><span class='ocrx_word' id='word_1_63' title='bbox 321 1479 673 1555; x_wconf 83' lang='lat' dir='ltr'><strong>credimus,</strong></span> <span class='ocrx_word' id='word_1_64' title='bbox 753 1478 1184 1543; x_wconf 83' lang='lat' dir='ltr'><strong>similitudine</strong></span> <span class='ocrx_word' id='word_1_65' title='bbox 1272 1491 1549 1544; x_wconf 89' lang='lat' dir='ltr'><strong>naturae</strong></span> <span class='ocrx_word' id='word_1_66' title='bbox 1630 1480 2211 1562; x_wconf 84' lang='lat' dir='ltr'><strong>participationem</strong></span> <span class='ocrx_word' id='word_1_67' title='bbox 2300 1480 2737 1561; x_wconf 83' lang='lat' dir='ltr'><strong>suscipientes</strong></span> 
     </span>
     <span class='ocr_line' id='line_1_10' title="bbox 321 1578 2736 1664; baseline 0.002 -23"><span class='ocrx_word' id='word_1_68' title='bbox 321 1579 574 1659; x_wconf 84' lang='lat' dir='ltr'><strong>gratiae</strong></span> <span class='ocrx_word' id='word_1_69' title='bbox 625 1578 912 1661; x_wconf 88' lang='lat' dir='ltr'><strong>Spiritus</strong></span> <span class='ocrx_word' id='word_1_70' title='bbox 965 1581 1142 1645; x_wconf 89' lang='lat' dir='ltr'><strong>illius</strong></span> <span class='ocrx_word' id='word_1_71' title='bbox 1190 1582 1303 1664; x_wconf 92' lang='lat' dir='ltr'><strong>qui</strong></span> <span class='ocrx_word' id='word_1_72' title='bbox 1357 1583 1424 1645; x_wconf 90' lang='lat' dir='ltr'><strong>in</strong></span> <span class='ocrx_word' id='word_1_73' title='bbox 1479 1602 1560 1646; x_wconf 91' lang='lat' dir='ltr'><strong>eo</strong></span> <span class='ocrx_word' id='word_1_74' title='bbox 1609 1582 1824 1646; x_wconf 85' lang='lat' dir='ltr'><strong>factus</strong></span> <span class='ocrx_word' id='word_1_75' title='bbox 1872 1592 1990 1647; x_wconf 88' lang='lat' dir='ltr'><strong>est.</strong></span> <span class='ocrx_word' id='word_1_76' title='bbox 2097 1583 2277 1664; x_wconf 91' lang='lat' dir='ltr'><strong>quod</strong></span> <span class='ocrx_word' id='word_1_77' title='bbox 2338 1583 2517 1645; x_wconf 90' lang='lat' dir='ltr'><strong>enim</strong></span> <span class='ocrx_word' id='word_1_78' title='bbox 2577 1602 2736 1664; x_wconf 88' lang='lat' dir='ltr'><strong>erga</strong></span> 
     </span>
     <span class='ocr_line' id='line_1_11' title="bbox 321 1680 2728 1769; baseline 0.003 -26"><span class='ocrx_word' id='word_1_79' title='bbox 321 1680 506 1744; x_wconf 79' lang='lat' dir='ltr'><strong>illum</strong></span> <span class='ocrx_word' id='word_1_80' title='bbox 528 1681 776 1746; x_wconf 86' lang='lat' dir='ltr'><strong>factum</strong></span> <span class='ocrx_word' id='word_1_81' title='bbox 803 1695 904 1747; x_wconf 89' lang='lat' dir='ltr'><strong>est</strong></span> <span class='ocrx_word' id='word_1_82' title='bbox 928 1685 995 1747; x_wconf 92' lang='lat' dir='ltr'><strong>in</strong></span> <span class='ocrx_word' id='word_1_83' title='bbox 1019 1683 1394 1749; x_wconf 86' lang='lat' dir='ltr'><strong>chrismatis</strong></span> <span class='ocrx_word' id='word_1_84' title='bbox 1412 1686 1645 1750; x_wconf 91' lang='lat' dir='ltr'><strong>ordine</strong></span> <span class='ocrx_word' id='word_1_85' title='bbox 1670 1684 2441 1769; x_wconf 80' lang='lat' dir='ltr'><strong>susceptum—Spiritus</strong></span> <span class='ocrx_word' id='word_1_86' title='bbox 2467 1682 2728 1769; x_wconf 90' lang='lat' dir='ltr'><strong>(inquit)</strong></span> 
     </span>
     <span class='ocr_line' id='line_1_12' title="bbox 318 1786 2736 1873; baseline 0.002 -24"><span class='ocrx_word' id='word_1_87' title='bbox 318 1786 598 1850; x_wconf 74' lang='lat' dir='ltr'><strong>Domini</strong></span> <span class='ocrx_word' id='word_1_88' title='bbox 631 1800 822 1871; x_wconf 78' lang='lat' dir='ltr'><strong>super</strong></span> <span class='ocrx_word' id='word_1_89' title='bbox 866 1810 980 1865; x_wconf 81' lang='lat' dir='ltr'><strong>me,</strong></span> <span class='ocrx_word' id='word_1_90' title='bbox 1011 1801 1277 1873; x_wconf 84' lang='lat' dir='ltr'><strong>propter</strong></span> <span class='ocrx_word' id='word_1_91' title='bbox 1323 1788 1498 1871; x_wconf 86' lang='lat' dir='ltr'><strong>quod</strong></span> <span class='ocrx_word' id='word_1_92' title='bbox 1548 1789 1744 1852; x_wconf 77' lang='lat' dir='ltr'><em>unxit</em></span> <span class='ocrx_word' id='word_1_93' title='bbox 1790 1788 2128 1852; x_wconf 82' lang='lat' dir='ltr'><strong>me—huic</strong></span> <span class='ocrx_word' id='word_1_94' title='bbox 2182 1788 2459 1872; x_wconf 88' lang='lat' dir='ltr'><strong>Spiritui</strong></span> <span class='ocrx_word' id='word_1_95' title='bbox 2505 1799 2574 1853; x_wconf 93' lang='lat' dir='ltr'><strong>et</strong></span> <span class='ocrx_word' id='word_1_96' title='bbox 2614 1810 2736 1853; x_wconf 91' lang='lat' dir='ltr'><strong>nos</strong></span> 
     </span>
     <span class='ocr_line' id='line_1_13' title="bbox 322 1891 2736 1975; baseline 0.001 -22"><span class='ocrx_word' id='word_1_97' title='bbox 322 1891 795 1974; x_wconf 86' lang='lat' dir='ltr'><strong>participantes</strong></span> <span class='ocrx_word' id='word_1_98' title='bbox 854 1913 973 1975; x_wconf 91' lang='lat' dir='ltr'><strong>per</strong></span> <span class='ocrx_word' id='word_1_99' title='bbox 1042 1894 1609 1975; x_wconf 87' lang='lat' dir='ltr'><strong>regenerationem</strong></span> <span class='ocrx_word' id='word_1_100' title='bbox 1687 1891 1890 1968; x_wconf 91' lang='lat' dir='ltr'><strong>illam,</strong></span> <span class='ocrx_word' id='word_1_101' title='bbox 1952 1891 2530 1975; x_wconf 89' lang='lat' dir='ltr'><strong>participationem</strong></span> <span class='ocrx_word' id='word_1_102' title='bbox 2590 1913 2736 1975; x_wconf 90' lang='lat' dir='ltr'><strong>per-</strong></span> 
     </span>
     <span class='ocr_line' id='line_1_14' title="bbox 321 1991 2735 2078; baseline 0 -22"><span class='ocrx_word' id='word_1_103' title='bbox 321 1994 619 2075; x_wconf 90' lang='lat' dir='ltr'><strong>cepimus</strong></span> <span class='ocrx_word' id='word_1_104' title='bbox 667 2014 839 2076; x_wconf 91' lang='lat' dir='ltr'><strong>quae</strong></span> <span class='ocrx_word' id='word_1_105' title='bbox 888 1997 1066 2078; x_wconf 89' lang='lat' dir='ltr'><strong>apud</strong></span> <span class='ocrx_word' id='word_1_106' title='bbox 1117 2015 1269 2059; x_wconf 90' lang='lat' dir='ltr'><strong>eum</strong></span> <span class='ocrx_word' id='word_1_107' title='bbox 1319 2005 1460 2073; x_wconf 89' lang='lat' dir='ltr'><strong>est;</strong></span> <span class='ocrx_word' id='word_1_108' title='bbox 1526 2015 1751 2057; x_wconf 88' lang='lat' dir='ltr'><strong>ueram</strong></span> <span class='ocrx_word' id='word_1_109' title='bbox 1806 1994 2076 2078; x_wconf 88' lang='lat' dir='ltr'><strong>quidem</strong></span> <span class='ocrx_word' id='word_1_110' title='bbox 2127 1991 2619 2076; x_wconf 88' lang='lat' dir='ltr'><strong>copulationem</strong></span> <span class='ocrx_word' id='word_1_111' title='bbox 2668 1994 2735 2057; x_wconf 90' lang='lat' dir='ltr'><strong>in</strong></span> 
     </span>
     <span class='ocr_line' id='line_1_15' title="bbox 319 2095 2735 2182; baseline 0.001 -24"><span class='ocrx_word' id='word_1_112' title='bbox 319 2095 540 2159; x_wconf 84' lang='lat' dir='ltr'><strong>futuro</strong></span> <span class='ocrx_word' id='word_1_113' title='bbox 591 2097 859 2160; x_wconf 88' lang='lat' dir='ltr'><strong>saeculo</strong></span> <span class='ocrx_word' id='word_1_114' title='bbox 911 2099 1365 2181; x_wconf 82' lang='lat' dir='ltr'><strong>percipienteS,</strong></span> <span class='ocrx_word' id='word_1_115' title='bbox 1413 2100 1686 2181; x_wconf 90' lang='lat' dir='ltr'><strong>quando</strong></span> <span class='ocrx_word' id='word_1_116' title='bbox 1735 2108 1803 2161; x_wconf 90' lang='lat' dir='ltr'><strong>et</strong></span> <span class='ocrx_word' id='word_1_117' title='bbox 1856 2098 2345 2161; x_wconf 88' lang='lat' dir='ltr'><strong>resurrectionis</strong></span> <span class='ocrx_word' id='word_1_118' title='bbox 2393 2098 2533 2161; x_wconf 91' lang='lat' dir='ltr'><strong>eius</strong></span> <span class='ocrx_word' id='word_1_119' title='bbox 2586 2119 2735 2182; x_wconf 91' lang='lat' dir='ltr'><strong>par-</strong></span> 
     </span>
     <span class='ocr_line' id='line_1_16' title="bbox 318 2201 2734 2286; baseline 0 -21"><span class='ocrx_word' id='word_1_120' title='bbox 318 2201 555 2284; x_wconf 88' lang='lat' dir='ltr'><strong>ticipes</strong></span> <span class='ocrx_word' id='word_1_121' title='bbox 605 2201 979 2267; x_wconf 85' lang='lat' dir='ltr'><strong>efficiemur.</strong></span> <span class='ocrx_word' id='word_1_122' title='bbox 1066 2221 1222 2266; x_wconf 89' lang='lat' dir='ltr'><strong>nam</strong></span> <span class='ocrx_word' id='word_1_123' title='bbox 1270 2202 1597 2286; x_wconf 90' lang='lat' dir='ltr'><strong>primitias</strong></span> <span class='ocrx_word' id='word_1_124' title='bbox 1642 2202 1970 2284; x_wconf 90' lang='lat' dir='ltr'><strong>quasdam</strong></span> <span class='ocrx_word' id='word_1_125' title='bbox 2025 2201 2313 2285; x_wconf 90' lang='lat' dir='ltr'><strong>Spiritus</strong></span> <span class='ocrx_word' id='word_1_126' title='bbox 2359 2221 2447 2265; x_wconf 83' lang='lat' dir='ltr'><strong>ex</strong></span> <span class='ocrx_word' id='word_1_127' title='bbox 2500 2222 2581 2266; x_wconf 91' lang='lat' dir='ltr'><strong>eo</strong></span> <span class='ocrx_word' id='word_1_128' title='bbox 2628 2223 2734 2266; x_wconf 91' lang='lat' dir='ltr'><strong>ac-</strong></span> 
     </span>
     <span class='ocr_line' id='line_1_17' title="bbox 320 2301 2734 2388; baseline 0.001 -23"><span class='ocrx_word' id='word_1_129' title='bbox 320 2304 618 2385; x_wconf 91' lang='lat' dir='ltr'><strong>cepimus</strong></span> <span class='ocrx_word' id='word_1_130' title='bbox 691 2303 759 2367; x_wconf 91' lang='lat' dir='ltr'><strong>in</strong></span> <span class='ocrx_word' id='word_1_131' title='bbox 834 2306 1236 2388; x_wconf 89' lang='lat' dir='ltr'><strong>baptismate</strong></span> <span class='ocrx_word' id='word_1_132' title='bbox 1304 2305 1671 2368; x_wconf 89' lang='lat' dir='ltr'><strong>secundum</strong></span> <span class='ocrx_word' id='word_1_133' title='bbox 1746 2323 2060 2387; x_wconf 89' lang='lat' dir='ltr'><strong>praesens</strong></span> <span class='ocrx_word' id='word_1_134' title='bbox 2134 2301 2488 2378; x_wconf 89' lang='lat' dir='ltr'><strong>saeculum,</strong></span> <span class='ocrx_word' id='word_1_135' title='bbox 2554 2305 2734 2385; x_wconf 91' lang='lat' dir='ltr'><strong>quod</strong></span> 
     </span>
     <span class='ocr_line' id='line_1_18' title="bbox 319 2405 2735 2488; baseline -0 -19"><span class='ocrx_word' id='word_1_136' title='bbox 319 2405 654 2488; x_wconf 89' lang='lat' dir='ltr'><strong>baptisma</strong></span> <span class='ocrx_word' id='word_1_137' title='bbox 705 2405 987 2469; x_wconf 84' lang='lat' dir='ltr'><strong>sormam</strong></span> <span class='ocrx_word' id='word_1_138' title='bbox 1039 2405 1284 2470; x_wconf 86' lang='lat' dir='ltr'><strong>habere</strong></span> <span class='ocrx_word' id='word_1_139' title='bbox 1329 2406 1559 2469; x_wconf 90' lang='lat' dir='ltr'><strong>mortis</strong></span> <span class='ocrx_word' id='word_1_140' title='bbox 1604 2415 1675 2468; x_wconf 90' lang='lat' dir='ltr'><strong>et</strong></span> <span class='ocrx_word' id='word_1_141' title='bbox 1726 2406 2216 2469; x_wconf 89' lang='lat' dir='ltr'><strong>resurrectionis</strong></span> <span class='ocrx_word' id='word_1_142' title='bbox 2270 2405 2696 2469; x_wconf 86' lang='lat' dir='ltr'><strong>existimatur</strong></span> <span class='ocrx_word' id='word_1_143' title='bbox 2719 2424 2735 2482; x_wconf 92' lang='lat'>;</span> 
     </span>
     <span class='ocr_line' id='line_1_19' title="bbox 318 2509 2736 2593; baseline 0 -21"><span class='ocrx_word' id='word_1_144' title='bbox 318 2509 386 2572; x_wconf 90' lang='lat' dir='ltr'><strong>in</strong></span> <span class='ocrx_word' id='word_1_145' title='bbox 440 2528 721 2591; x_wconf 90' lang='lat' dir='ltr'><strong>quorum</strong></span> <span class='ocrx_word' id='word_1_146' title='bbox 783 2519 852 2573; x_wconf 91' lang='lat' dir='ltr'><strong>et</strong></span> <span class='ocrx_word' id='word_1_147' title='bbox 896 2509 1178 2573; x_wconf 90' lang='lat' dir='ltr'><strong>formam</strong></span> <span class='ocrx_word' id='word_1_148' title='bbox 1239 2509 1553 2573; x_wconf 89' lang='lat' dir='ltr'><strong>constitui</strong></span> <span class='ocrx_word' id='word_1_149' title='bbox 1604 2510 1738 2572; x_wconf 90' lang='lat' dir='ltr'><strong>iam</strong></span> <span class='ocrx_word' id='word_1_150' title='bbox 1792 2510 2038 2573; x_wconf 89' lang='lat' dir='ltr'><strong>amodo</strong></span> <span class='ocrx_word' id='word_1_151' title='bbox 2099 2510 2447 2586; x_wconf 80' lang='lat' dir='ltr'><strong>credimuS,</strong></span> <span class='ocrx_word' id='word_1_152' title='bbox 2493 2530 2736 2593; x_wconf 90' lang='lat' dir='ltr'><strong>corpus</strong></span> 
     </span>
     <span class='ocr_line' id='line_1_20' title="bbox 319 2610 2735 2694; baseline 0 -19"><span class='ocrx_word' id='word_1_153' title='bbox 319 2612 591 2694; x_wconf 91' lang='lat' dir='ltr'><strong>quidem</strong></span> <span class='ocrx_word' id='word_1_154' title='bbox 635 2614 777 2676; x_wconf 91' lang='lat' dir='ltr'><strong>eius</strong></span> <span class='ocrx_word' id='word_1_155' title='bbox 821 2633 1054 2676; x_wconf 90' lang='lat' dir='ltr'><strong>omnes</strong></span> <span class='ocrx_word' id='word_1_156' title='bbox 1100 2632 1243 2677; x_wconf 89' lang='lat' dir='ltr'><strong>esse</strong></span> <span class='ocrx_word' id='word_1_157' title='bbox 1295 2632 1411 2676; x_wconf 91' lang='lat' dir='ltr'><strong>eos</strong></span> <span class='ocrx_word' id='word_1_158' title='bbox 1456 2611 1570 2694; x_wconf 91' lang='lat' dir='ltr'><strong>qui</strong></span> <span class='ocrx_word' id='word_1_159' title='bbox 1614 2612 1894 2676; x_wconf 90' lang='lat' dir='ltr'><strong>credunt</strong></span> <span class='ocrx_word' id='word_1_160' title='bbox 1934 2612 2416 2677; x_wconf 68' lang='lat' dir='ltr'><strong>existimantes</strong></span> <span class='ocrx_word' id='word_1_161' title='bbox 2492 2610 2735 2676; x_wconf 87' lang='lat' dir='ltr'><strong>‘eccle-</strong></span> 
     </span>
    </p>
   </div>
   <div class='ocr_carea' id='block_1_6' title="bbox 2771 1693 2850 1742">
    <p class='ocr_par' dir='ltr' id='par_1_6' title="bbox 2771 1693 2850 1742">
     <span class='ocr_line' id='line_1_21' title="bbox 2771 1693 2850 1742; baseline 0.038 -3"><span class='ocrx_word' id='word_1_162' title='bbox 2771 1693 2850 1742; x_wconf 90' lang='lat'><strong>10</strong></span> 
     </span>
    </p>
   </div>
   <div class='ocr_carea' id='block_1_7' title="bbox 318 2714 2850 2797">
    <p class='ocr_par' dir='ltr' id='par_1_7' title="bbox 318 2714 2850 2797">
     <span class='ocr_line' id='line_1_22' title="bbox 318 2714 2850 2797; baseline 0 -20"><span class='ocrx_word' id='word_1_163' title='bbox 318 2715 521 2778; x_wconf 90' lang='lat' dir='ltr'><strong>siam&#39;</strong></span> <span class='ocrx_word' id='word_1_164' title='bbox 569 2716 749 2778; x_wconf 90' lang='lat' dir='ltr'><strong>enim</strong></span> <span class='ocrx_word' id='word_1_165' title='bbox 799 2714 1096 2778; x_wconf 89' lang='lat' dir='ltr'><strong>fidelium</strong></span> <span class='ocrx_word' id='word_1_166' title='bbox 1145 2723 1489 2797; x_wconf 88' lang='lat' dir='ltr'><strong>nuncupat</strong></span> <span class='ocrx_word' id='word_1_167' title='bbox 1531 2714 2158 2797; x_wconf 82' lang='lat' dir='ltr'><strong>congregationem3</strong></span> <span class='ocrx_word' id='word_1_168' title='bbox 2205 2714 2468 2796; x_wconf 86' lang='lat' dir='ltr'><strong>‘caput&#39;</strong></span> <span class='ocrx_word' id='word_1_169' title='bbox 2509 2723 2734 2779; x_wconf 91' lang='lat' dir='ltr'><strong>autem</strong></span> <span class='ocrx_word' id='word_1_170' title='bbox 2763 2730 2850 2777; x_wconf 89' lang='lat'><strong>20</strong></span> 
     </span>
    </p>
   </div>
   <div class='ocr_carea' id='block_1_8' title="bbox 1653 2893 2736 3041">
    <p class='ocr_par' dir='ltr' id='par_1_8' title="bbox 1653 2893 2736 3041">
     <span class='ocr_line' id='line_1_23' title="bbox 1653 2893 2736 2961; baseline 0.001 -17"><span class='ocrx_word' id='word_1_171' title='bbox 1653 2910 1713 2947; x_wconf 89' lang='grc' dir='ltr'><strong>1ο</strong></span> <span class='ocrx_word' id='word_1_172' title='bbox 1744 2903 2000 2961; x_wconf 82' lang='lat' dir='ltr'><strong>susceptus</strong></span> <span class='ocrx_word' id='word_1_173' title='bbox 2029 2895 2073 2944; x_wconf 90' lang='lat' dir='ltr'><em>C</em></span> <span class='ocrx_word' id='word_1_174' title='bbox 2079 2893 2175 2943; x_wconf 78' lang='lat' dir='ltr'><strong>‘H</strong></span> <span class='ocrx_word' id='word_1_175' title='bbox 2215 2894 2501 2959; x_wconf 82' lang='lat' dir='ltr'><strong>suscepistis</strong></span> <span class='ocrx_word' id='word_1_176' title='bbox 2528 2896 2575 2945; x_wconf 87' lang='lat' dir='ltr'><em>C</em></span> <span class='ocrx_word' id='word_1_177' title='bbox 2591 2893 2736 2960; x_wconf 79' lang='lat' dir='ltr'><strong>(corr)</strong></span> 
     </span>
     <span class='ocr_line' id='line_1_24' title="bbox 1668 2977 2235 3041; baseline 0.004 -15"><span class='ocrx_word' id='word_1_178' title='bbox 1668 2991 1725 3041; x_wconf 85' lang='lat'><strong>¹7</strong></span> <span class='ocrx_word' id='word_1_179' title='bbox 1759 2977 2100 3028; x_wconf 61' lang='lat' dir='ltr'><strong>nistimamur</strong></span> <span class='ocrx_word' id='word_1_180' title='bbox 2126 2977 2235 3028; x_wconf 83' lang='lat' dir='ltr'><strong>CH</strong></span> 
     </span>
    </p>
   </div>
   <div class='ocr_carea' id='block_1_9' title="bbox 326 2900 766 3045">
    <p class='ocr_par' dir='ltr' id='par_1_9' title="bbox 326 2900 766 3045">
     <span class='ocr_line' id='line_1_25' title="bbox 424 2900 766 2949; baseline 0 0"><span class='ocrx_word' id='word_1_181' title='bbox 424 2914 444 2949; x_wconf 84' lang='lat'>1</span> <span class='ocrx_word' id='word_1_182' title='bbox 482 2900 766 2949; x_wconf 78' lang='lat' dir='ltr'><strong>subomll</strong></span> 
     </span>
     <span class='ocr_line' id='line_1_26' title="bbox 326 2982 694 3045; baseline 0 -14"><span class='ocrx_word' id='word_1_183' title='bbox 326 2982 694 3045; x_wconf 80' lang='lat' dir='ltr'><strong>13uerumH</strong></span> 
     </span>
    </p>
   </div>
   <div class='ocr_carea' id='block_1_10' title="bbox 897 2898 1486 3047">
    <p class='ocr_par' dir='ltr' id='par_1_10' title="bbox 897 2898 1486 3047">
     <span class='ocr_line' id='line_1_27' title="bbox 918 2898 1486 2965; baseline -0.005 -16"><span class='ocrx_word' id='word_1_184' title='bbox 918 2913 946 2963; x_wconf 81' lang='lat'>5</span> <span class='ocrx_word' id='word_1_185' title='bbox 981 2900 1101 2965; x_wconf 85' lang='lat' dir='ltr'><strong>quia</strong></span> <span class='ocrx_word' id='word_1_186' title='bbox 1128 2898 1252 2949; x_wconf 79' lang='lat' dir='ltr'><strong>CH:</strong></span> <span class='ocrx_word' id='word_1_187' title='bbox 1285 2913 1358 2947; x_wconf 86' lang='lat' dir='ltr'><strong>see</strong></span> <span class='ocrx_word' id='word_1_188' title='bbox 1378 2902 1486 2946; x_wconf 81' lang='lat' dir='ltr'><strong>note</strong></span> 
     </span>
     <span class='ocr_line' id='line_1_28' title="bbox 897 2978 1478 3047; baseline -0.003 -16"><span class='ocrx_word' id='word_1_189' title='bbox 897 2979 955 3031; x_wconf 91' lang='grc'><strong>16</strong></span> <span class='ocrx_word' id='word_1_190' title='bbox 987 2988 1301 3047; x_wconf 84' lang='lat' dir='ltr'><strong>praesentem</strong></span> <span class='ocrx_word' id='word_1_191' title='bbox 1330 2981 1375 3029; x_wconf 86' lang='lat' dir='ltr'><em>C</em></span> <span class='ocrx_word' id='word_1_192' title='bbox 1381 2978 1478 3030; x_wconf 78' lang='lat' dir='ltr'><strong>‘H</strong></span> 
     </span>
    </p>
   </div>
   <div class='ocr_carea' id='block_1_11' title="bbox 1576 3145 2735 3291">
    <p class='ocr_par' dir='ltr' id='par_1_11' title="bbox 1576 3145 2735 3291">
     <span class='ocr_line' id='line_1_29' title="bbox 1651 3145 2735 3212; baseline -0.003 -15"><span class='ocrx_word' id='word_1_193' title='bbox 1651 3162 1726 3198; x_wconf 72' lang='grc' dir='ltr'><strong>ια.</strong></span> <span class='ocrx_word' id='word_1_194' title='bbox 1749 3147 2181 3212; x_wconf 78' lang='lat' dir='ltr'><strong>participationem</strong></span> <span class='ocrx_word' id='word_1_195' title='bbox 2186 3145 2510 3210; x_wconf 80' lang='lat' dir='ltr'><strong>percepimus]</strong></span> <span class='ocrx_word' id='word_1_196' title='bbox 2548 3146 2735 3211; x_wconf 86' lang='lat' dir='ltr'><strong>Comp.</strong></span> 
     </span>
     <span class='ocr_line' id='line_1_30' title="bbox 1576 3227 2729 3291; baseline -0.003 -12"><span class='ocrx_word' id='word_1_197' title='bbox 1576 3227 1724 3279; x_wconf 88' lang='lat' dir='ltr'><strong>Th.’s</strong></span> <span class='ocrx_word' id='word_1_198' title='bbox 1747 3229 1945 3278; x_wconf 83' lang='lat' dir='ltr'><strong>treatise</strong></span> <span class='ocrx_word' id='word_1_199' title='bbox 1967 3242 2031 3276; x_wconf 88' lang='lat' dir='ltr'><strong>on</strong></span> <span class='ocrx_word' id='word_1_200' title='bbox 2057 3227 2142 3276; x_wconf 87' lang='lat' dir='ltr'><strong>the</strong></span> <span class='ocrx_word' id='word_1_201' title='bbox 2167 3227 2485 3276; x_wconf 86' lang='lat' dir='ltr'><strong>Incarnation</strong></span> <span class='ocrx_word' id='word_1_202' title='bbox 2517 3228 2729 3291; x_wconf 86' lang='lat' dir='ltr'><strong>(Migne,</strong></span> 
     </span>
    </p>
   </div>
   <div class='ocr_carea' id='block_1_12' title="bbox 317 3146 1477 3296">
    <p class='ocr_par' dir='ltr' id='par_1_12' title="bbox 317 3146 1477 3296">
     <span class='ocr_line' id='line_1_31' title="bbox 385 3146 1468 3213; baseline -0.003 -16"><span class='ocrx_word' id='word_1_203' title='bbox 385 3167 434 3213; x_wconf 83' lang='lat'><strong>4.</strong></span> <span class='ocrx_word' id='word_1_204' title='bbox 464 3171 473 3192; x_wconf 64' lang='lat' dir='ltr'>s</span> <span class='ocrx_word' id='word_1_205' title='bbox 500 3156 648 3213; x_wconf 82' lang='lat' dir='ltr'><strong>super</strong></span> <span class='ocrx_word' id='word_1_206' title='bbox 697 3148 840 3198; x_wconf 79' lang='lat' dir='ltr'><strong>omni</strong></span> <span class='ocrx_word' id='word_1_207' title='bbox 882 3146 1092 3209; x_wconf 79' lang='lat' dir='ltr'><strong>ecclesia]</strong></span> <span class='ocrx_word' id='word_1_208' title='bbox 1161 3146 1241 3197; x_wconf 86' lang='lat' dir='ltr'><strong>Cs.</strong></span> <span class='ocrx_word' id='word_1_209' title='bbox 1276 3163 1329 3212; x_wconf 87' lang='lat' dir='ltr'><strong>p.</strong></span> <span class='ocrx_word' id='word_1_210' title='bbox 1360 3160 1468 3210; x_wconf 75' lang='lat'><strong>142,</strong></span> 
     </span>
     <span class='ocr_line' id='line_1_32' title="bbox 317 3228 1477 3296; baseline -0.003 -16"><span class='ocrx_word' id='word_1_211' title='bbox 317 3231 354 3280; x_wconf 93' lang='lat'><strong>1.</strong></span> <span class='ocrx_word' id='word_1_212' title='bbox 381 3247 454 3295; x_wconf 82' lang='lat'><strong>14,</strong></span> <span class='ocrx_word' id='word_1_213' title='bbox 477 3233 678 3296; x_wconf 86' lang='lat' dir='ltr'><strong>“super</strong></span> <span class='ocrx_word' id='word_1_214' title='bbox 699 3246 899 3280; x_wconf 87' lang='lat' dir='ltr'><strong>omnem</strong></span> <span class='ocrx_word' id='word_1_215' title='bbox 929 3228 1241 3279; x_wconf 82' lang='lat' dir='ltr'><strong>ecclesiam.”</strong></span> <span class='ocrx_word' id='word_1_216' title='bbox 1275 3228 1397 3277; x_wconf 84' lang='lat' dir='ltr'><strong>And</strong></span> <span class='ocrx_word' id='word_1_217' title='bbox 1419 3243 1477 3277; x_wconf 84' lang='lat' dir='ltr'><strong>so</strong></span> 
     </span>
    </p>
   </div>
   <div class='ocr_carea' id='block_1_13' title="bbox 314 3310 1476 4603">
    <p class='ocr_par' dir='ltr' id='par_1_13' title="bbox 316 3310 1476 3772">
     <span class='ocr_line' id='line_1_33' title="bbox 318 3310 1469 3374; baseline -0.003 -11"><span class='ocrx_word' id='word_1_218' title='bbox 318 3314 405 3363; x_wconf 87' lang='lat' dir='ltr'><strong>the</strong></span> <span class='ocrx_word' id='word_1_219' title='bbox 437 3329 577 3363; x_wconf 81' lang='lat' dir='ltr'><strong>verse</strong></span> <span class='ocrx_word' id='word_1_220' title='bbox 609 3313 653 3362; x_wconf 89' lang='lat' dir='ltr'><strong>is</strong></span> <span class='ocrx_word' id='word_1_221' title='bbox 685 3312 821 3362; x_wconf 88' lang='lat' dir='ltr'><strong>cited</strong></span> <span class='ocrx_word' id='word_1_222' title='bbox 853 3312 1032 3371; x_wconf 84' lang='lat' dir='ltr'><strong>below,</strong></span> <span class='ocrx_word' id='word_1_223' title='bbox 1074 3327 1144 3360; x_wconf 88' lang='lat' dir='ltr'><strong>on</strong></span> <span class='ocrx_word' id='word_1_224' title='bbox 1173 3311 1287 3360; x_wconf 91' lang='lat' dir='ltr'><strong>Col.</strong></span> <span class='ocrx_word' id='word_1_225' title='bbox 1321 3310 1355 3359; x_wconf 90' lang='lat' dir='ltr'><strong>i.</strong></span> <span class='ocrx_word' id='word_1_226' title='bbox 1396 3326 1469 3374; x_wconf 88' lang='lat'><strong>19.</strong></span> 
     </span>
     <span class='ocr_line' id='line_1_34' title="bbox 318 3390 1476 3459; baseline -0.003 -16"><span class='ocrx_word' id='word_1_227' title='bbox 318 3394 483 3459; x_wconf 79' lang='lat' dir='ltr'><strong>Super</strong></span> <span class='ocrx_word' id='word_1_228' title='bbox 529 3409 721 3443; x_wconf 79' lang='lat' dir='ltr'><strong>omnem</strong></span> <span class='ocrx_word' id='word_1_229' title='bbox 776 3392 1017 3441; x_wconf 79' lang='lat' dir='ltr'><strong>ecclesiam</strong></span> <span class='ocrx_word' id='word_1_230' title='bbox 1061 3392 1105 3440; x_wconf 81' lang='lat' dir='ltr'><strong>is</strong></span> <span class='ocrx_word' id='word_1_231' title='bbox 1148 3392 1235 3441; x_wconf 87' lang='lat' dir='ltr'><strong>the</strong></span> <span class='ocrx_word' id='word_1_232' title='bbox 1277 3390 1476 3440; x_wconf 84' lang='lat' dir='ltr'><strong>render-</strong></span> 
     </span>
     <span class='ocr_line' id='line_1_35' title="bbox 318 3470 1475 3539; baseline -0.004 -14"><span class='ocrx_word' id='word_1_233' title='bbox 318 3476 407 3539; x_wconf 86' lang='lat' dir='ltr'><strong>ing</strong></span> <span class='ocrx_word' id='word_1_234' title='bbox 450 3474 510 3525; x_wconf 88' lang='lat' dir='ltr'><strong>of</strong></span> <span class='ocrx_word' id='word_1_235' title='bbox 541 3475 829 3538; x_wconf 30' lang='lat' dir='ltr'><strong>&#39;Ambrstr.,</strong></span> <span class='ocrx_word' id='word_1_236' title='bbox 881 3475 1037 3537; x_wconf 65' lang='lat' dir='ltr'><strong>Aug„</strong></span> <span class='ocrx_word' id='word_1_237' title='bbox 1085 3473 1187 3521; x_wconf 87' lang='lat' dir='ltr'><strong>and</strong></span> <span class='ocrx_word' id='word_1_238' title='bbox 1242 3470 1475 3535; x_wconf 86' lang='lat' dir='ltr'><strong>Ziegler’s</strong></span> 
     </span>
     <span class='ocr_line' id='line_1_36' title="bbox 319 3554 1476 3621; baseline -0.003 -15"><span class='ocrx_word' id='word_1_239' title='bbox 319 3558 492 3621; x_wconf 82' lang='lat' dir='ltr'><strong>fragm.</strong></span> <span class='ocrx_word' id='word_1_240' title='bbox 562 3558 724 3620; x_wconf 81' lang='lat' dir='ltr'><strong>Super</strong></span> <span class='ocrx_word' id='word_1_241' title='bbox 748 3555 891 3605; x_wconf 81' lang='lat' dir='ltr'><strong>omni</strong></span> <span class='ocrx_word' id='word_1_242' title='bbox 917 3556 1108 3605; x_wconf 82' lang='lat' dir='ltr'><strong>ccclesia</strong></span> <span class='ocrx_word' id='word_1_243' title='bbox 1143 3556 1185 3604; x_wconf 82' lang='lat' dir='ltr'><strong>is</strong></span> <span class='ocrx_word' id='word_1_244' title='bbox 1214 3554 1347 3604; x_wconf 82' lang='lat' dir='ltr'><strong>cited</strong></span> <span class='ocrx_word' id='word_1_245' title='bbox 1389 3555 1476 3617; x_wconf 78' lang='lat' dir='ltr'><strong>(by</strong></span> 
     </span>
     <span class='ocr_line' id='line_1_37' title="bbox 318 3635 1473 3704; baseline -0.005 -16"><span class='ocrx_word' id='word_1_246' title='bbox 318 3640 529 3704; x_wconf 79' lang='lat' dir='ltr'><strong>Ziegler,</strong></span> <span class='ocrx_word' id='word_1_247' title='bbox 579 3654 631 3703; x_wconf 89' lang='lat' dir='ltr'><strong>p.</strong></span> <span class='ocrx_word' id='word_1_248' title='bbox 683 3650 790 3700; x_wconf 86' lang='lat'>117,</span> <span class='ocrx_word' id='word_1_249' title='bbox 835 3649 882 3697; x_wconf 87' lang='lat' dir='ltr'><strong>e,</strong></span> <span class='ocrx_word' id='word_1_250' title='bbox 928 3637 1063 3700; x_wconf 84' lang='lat' dir='ltr'><strong>note)</strong></span> <span class='ocrx_word' id='word_1_251' title='bbox 1109 3635 1237 3685; x_wconf 80' lang='lat' dir='ltr'><strong>from</strong></span> <span class='ocrx_word' id='word_1_252' title='bbox 1281 3652 1312 3684; x_wconf 79' lang='lat' dir='ltr'><strong>a</strong></span> <span class='ocrx_word' id='word_1_253' title='bbox 1358 3635 1473 3685; x_wconf 89' lang='lat' dir='ltr'><strong>MS.</strong></span> 
     </span>
     <span class='ocr_line' id='line_1_38' title="bbox 316 3723 597 3772; baseline -0.007 -1"><span class='ocrx_word' id='word_1_254' title='bbox 316 3723 375 3771; x_wconf 81' lang='lat' dir='ltr'><strong>of</strong></span> <span class='ocrx_word' id='word_1_255' title='bbox 392 3730 519 3772; x_wconf 89' lang='lat' dir='ltr'><strong>cent.</strong></span> <span class='ocrx_word' id='word_1_256' title='bbox 549 3739 597 3770; x_wconf 87' lang='lat' dir='ltr'><strong>x.</strong></span> 
     </span>
    </p>

    <p class='ocr_par' dir='ltr' id='par_1_14' title="bbox 316 3801 1474 4279">
     <span class='ocr_line' id='line_1_39' title="bbox 385 3801 1474 3870; baseline -0.004 -17"><span class='ocrx_word' id='word_1_257' title='bbox 385 3819 433 3867; x_wconf 85' lang='lat'><strong>5.</strong></span> <span class='ocrx_word' id='word_1_258' title='bbox 499 3805 608 3870; x_wconf 80' lang='lat' dir='ltr'><strong>qm]</strong></span> <span class='ocrx_word' id='word_1_259' title='bbox 686 3803 902 3867; x_wconf 87' lang='lat' dir='ltr'><strong>Though</strong></span> <span class='ocrx_word' id='word_1_260' title='bbox 963 3818 1054 3852; x_wconf 89' lang='lat' dir='ltr'><strong>our</strong></span> <span class='ocrx_word' id='word_1_261' title='bbox 1113 3801 1269 3851; x_wconf 88' lang='lat' dir='ltr'><strong>MSS.</strong></span> <span class='ocrx_word' id='word_1_262' title='bbox 1326 3816 1474 3865; x_wconf 77' lang='lat' dir='ltr'><strong>agree</strong></span> 
     </span>
     <span class='ocr_line' id='line_1_40' title="bbox 317 3883 1473 3951; baseline -0.005 -14"><span class='ocrx_word' id='word_1_263' title='bbox 317 3887 436 3937; x_wconf 87' lang='lat' dir='ltr'><strong>here</strong></span> <span class='ocrx_word' id='word_1_264' title='bbox 452 3887 502 3935; x_wconf 89' lang='lat' dir='ltr'><strong>in</strong></span> <span class='ocrx_word' id='word_1_265' title='bbox 516 3887 687 3951; x_wconf 82' lang='lat' dir='ltr'><strong>giving</strong></span> <span class='ocrx_word' id='word_1_266' title='bbox 699 3886 833 3949; x_wconf 83' lang='lat' dir='ltr'><strong>quia,</strong></span> <span class='ocrx_word' id='word_1_267' title='bbox 853 3894 935 3948; x_wconf 89' lang='lat' dir='ltr'><strong>yet</strong></span> <span class='ocrx_word' id='word_1_268' title='bbox 952 3885 1130 3943; x_wconf 84' lang='lat' dir='ltr'><strong>below,</strong></span> <span class='ocrx_word' id='word_1_269' title='bbox 1145 3899 1194 3947; x_wconf 90' lang='lat' dir='ltr'><strong>p.</strong></span> <span class='ocrx_word' id='word_1_270' title='bbox 1217 3897 1325 3943; x_wconf 81' lang='lat'><strong>140,</strong></span> <span class='ocrx_word' id='word_1_271' title='bbox 1344 3883 1378 3930; x_wconf 92' lang='lat'><strong>1.</strong></span> <span class='ocrx_word' id='word_1_272' title='bbox 1394 3884 1473 3940; x_wconf 82' lang='lat'><strong>28,</strong></span> 
     </span>
     <span class='ocr_line' id='line_1_41' title="bbox 316 3966 1469 4036; baseline -0.006 -17"><span class='ocrx_word' id='word_1_273' title='bbox 316 3971 410 4036; x_wconf 81' lang='lat' dir='ltr'><strong>qui</strong></span> <span class='ocrx_word' id='word_1_274' title='bbox 435 3970 477 4018; x_wconf 90' lang='lat' dir='ltr'><strong>is</strong></span> <span class='ocrx_word' id='word_1_275' title='bbox 500 3969 585 4019; x_wconf 87' lang='lat' dir='ltr'><strong>the</strong></span> <span class='ocrx_word' id='word_1_276' title='bbox 608 3969 814 4032; x_wconf 85' lang='lat' dir='ltr'><strong>reading</strong></span> <span class='ocrx_word' id='word_1_277' title='bbox 834 3967 892 4017; x_wconf 87' lang='lat' dir='ltr'><strong>os</strong></span> <span class='ocrx_word' id='word_1_278' title='bbox 914 3969 955 4017; x_wconf 90' lang='lat' dir='ltr'><em>C</em></span> <span class='ocrx_word' id='word_1_279' title='bbox 965 3984 980 4026; x_wconf 80' lang='lat'>3</span> <span class='ocrx_word' id='word_1_280' title='bbox 1015 3967 1179 4015; x_wconf 83' lang='lat' dir='ltr'><strong>whilst</strong></span> <span class='ocrx_word' id='word_1_281' title='bbox 1207 3966 1256 4014; x_wconf 90' lang='lat' dir='ltr'><strong>in</strong></span> <span class='ocrx_word' id='word_1_282' title='bbox 1280 3982 1331 4030; x_wconf 90' lang='lat' dir='ltr'><strong>p.</strong></span> <span class='ocrx_word' id='word_1_283' title='bbox 1363 3979 1469 4026; x_wconf 80' lang='lat'>142,</span> 
     </span>
     <span class='ocr_line' id='line_1_42' title="bbox 317 4045 1471 4112; baseline -0.007 -13"><span class='ocrx_word' id='word_1_284' title='bbox 317 4049 354 4099; x_wconf 92' lang='lat' dir='ltr'><strong>l.</strong></span> <span class='ocrx_word' id='word_1_285' title='bbox 378 4069 427 4112; x_wconf 81' lang='lat'><strong>4,</strong></span> <span class='ocrx_word' id='word_1_286' title='bbox 468 4051 508 4100; x_wconf 90' lang='lat' dir='ltr'><strong>it</strong></span> <span class='ocrx_word' id='word_1_287' title='bbox 543 4051 585 4099; x_wconf 89' lang='lat' dir='ltr'><strong>is</strong></span> <span class='ocrx_word' id='word_1_288' title='bbox 620 4050 738 4099; x_wconf 82' lang='lat' dir='ltr'><strong>read</strong></span> <span class='ocrx_word' id='word_1_289' title='bbox 773 4048 880 4098; x_wconf 84' lang='lat' dir='ltr'><strong>also</strong></span> <span class='ocrx_word' id='word_1_290' title='bbox 913 4049 981 4112; x_wconf 89' lang='lat' dir='ltr'><strong>by</strong></span> <span class='ocrx_word' id='word_1_291' title='bbox 1011 4048 1095 4097; x_wconf 88' lang='lat' dir='ltr'><strong>the</strong></span> <span class='ocrx_word' id='word_1_292' title='bbox 1134 4046 1325 4108; x_wconf 84' lang='lat' dir='ltr'><strong>Harley</strong></span> <span class='ocrx_word' id='word_1_293' title='bbox 1357 4045 1471 4093; x_wconf 88' lang='lat' dir='ltr'><strong>MS.</strong></span> 
     </span>
     <span class='ocr_line' id='line_1_43' title="bbox 319 4130 1473 4195; baseline -0.003 -13"><span class='ocrx_word' id='word_1_294' title='bbox 319 4133 345 4182; x_wconf 95' lang='lat'>1</span> <span class='ocrx_word' id='word_1_295' title='bbox 382 4133 511 4182; x_wconf 82' lang='lat' dir='ltr'><strong>have</strong></span> <span class='ocrx_word' id='word_1_296' title='bbox 551 4130 795 4183; x_wconf 79' lang='lat' dir='ltr'><strong>therefore</strong></span> <span class='ocrx_word' id='word_1_297' title='bbox 832 4130 1071 4179; x_wconf 87' lang='lat' dir='ltr'><strong>ventured</strong></span> <span class='ocrx_word' id='word_1_298' title='bbox 1105 4139 1158 4180; x_wconf 88' lang='lat' dir='ltr'><strong>to</strong></span> <span class='ocrx_word' id='word_1_299' title='bbox 1197 4139 1325 4180; x_wconf 82' lang='lat' dir='ltr'><strong>treat</strong></span> <span class='ocrx_word' id='word_1_300' title='bbox 1355 4131 1473 4195; x_wconf 82' lang='lat' dir='ltr'><strong>quia</strong></span> 
     </span>
     <span class='ocr_line' id='line_1_44' title="bbox 316 4212 1179 4279; baseline -0.006 -14"><span class='ocrx_word' id='word_1_301' title='bbox 316 4215 371 4265; x_wconf 86' lang='lat' dir='ltr'><strong>in</strong></span> <span class='ocrx_word' id='word_1_302' title='bbox 394 4215 493 4265; x_wconf 87' lang='lat' dir='ltr'><strong>this</strong></span> <span class='ocrx_word' id='word_1_303' title='bbox 515 4215 658 4279; x_wconf 85' lang='lat' dir='ltr'><strong>place</strong></span> <span class='ocrx_word' id='word_1_304' title='bbox 680 4230 734 4263; x_wconf 83' lang='lat' dir='ltr'><strong>as</strong></span> <span class='ocrx_word' id='word_1_305' title='bbox 757 4229 787 4262; x_wconf 85' lang='lat' dir='ltr'><strong>a</strong></span> <span class='ocrx_word' id='word_1_306' title='bbox 809 4212 1005 4263; x_wconf 87' lang='lat' dir='ltr'><strong>clerical</strong></span> <span class='ocrx_word' id='word_1_307' title='bbox 1028 4229 1179 4262; x_wconf 86' lang='lat' dir='ltr'><strong>error.</strong></span> 
     </span>
    </p>

    <p class='ocr_par' dir='ltr' id='par_1_15' title="bbox 314 4292 1471 4441">
     <span class='ocr_line' id='line_1_45' title="bbox 392 4292 1471 4355; baseline -0.005 -10"><span class='ocrx_word' id='word_1_308' title='bbox 392 4312 467 4345; x_wconf 89' lang='lat'><strong>10.</strong></span> <span class='ocrx_word' id='word_1_309' title='bbox 534 4295 591 4343; x_wconf 82' lang='lat' dir='ltr'><strong>in</strong></span> <span class='ocrx_word' id='word_1_310' title='bbox 625 4295 909 4344; x_wconf 76' lang='lat' dir='ltr'><strong>chrismatis</strong></span> <span class='ocrx_word' id='word_1_311' title='bbox 939 4293 1130 4355; x_wconf 78' lang='lat' dir='ltr'><strong>ordine]</strong></span> <span class='ocrx_word' id='word_1_312' title='bbox 1194 4294 1332 4342; x_wconf 89' lang='lat' dir='ltr'><strong>Tert.</strong></span> <span class='ocrx_word' id='word_1_313' title='bbox 1356 4292 1471 4340; x_wconf 83' lang='lat' dir='ltr'><strong>adv.</strong></span> 
     </span>
     <span class='ocr_line' id='line_1_46' title="bbox 314 4368 1457 4441; baseline -0.005 -13"><span class='ocrx_word' id='word_1_314' title='bbox 314 4378 433 4428; x_wconf 84' lang='lat' dir='ltr'><strong>Iud.</strong></span> <span class='ocrx_word' id='word_1_315' title='bbox 465 4392 539 4441; x_wconf 82' lang='grc'><strong>13,</strong></span> <span class='ocrx_word' id='word_1_316' title='bbox 569 4377 903 4426; x_wconf 86' lang='lat' dir='ltr'><strong>“unctionem</strong></span> <span class='ocrx_word' id='word_1_317' title='bbox 928 4368 1205 4426; x_wconf 67' lang='lat' dir='ltr'><strong>chrisinatis</strong></span> <span class='ocrx_word' id='word_1_318' title='bbox 1227 4373 1457 4439; x_wconf 85' lang='lat' dir='ltr'><strong>regalis.”</strong></span> 
     </span>
    </p>

    <p class='ocr_par' dir='ltr' id='par_1_16' title="bbox 319 4456 1475 4603">
     <span class='ocr_line' id='line_1_47' title="bbox 389 4456 1475 4523; baseline -0.006 -13"><span class='ocrx_word' id='word_1_319' title='bbox 389 4474 462 4517; x_wconf 81' lang='grc' dir='ltr'><strong>ιο,</strong></span> <span class='ocrx_word' id='word_1_320' title='bbox 495 4475 571 4509; x_wconf 84' lang='grc'><strong>11.</strong></span> <span class='ocrx_word' id='word_1_321' title='bbox 627 4460 845 4523; x_wconf 77' lang='lat' dir='ltr'><strong>Spim&#39;tus</strong></span> <span class='ocrx_word' id='word_1_322' title='bbox 875 4459 1079 4522; x_wconf 80' lang='lat' dir='ltr'><strong>(inquit)</strong></span> <span class='ocrx_word' id='word_1_323' title='bbox 1110 4457 1336 4517; x_wconf 76' lang='lat' dir='ltr'><strong>Domini,</strong></span> <span class='ocrx_word' id='word_1_324' title='bbox 1360 4456 1475 4518; x_wconf 64' lang='grc' dir='ltr'><strong>δία]</strong></span> 
     </span>
     <span class='ocr_line' id='line_1_48' title="bbox 319 4538 1116 4603; baseline -0.008 -12"><span class='ocrx_word' id='word_1_325' title='bbox 319 4540 437 4591; x_wconf 81' lang='lat' dir='ltr'><strong>lsai.</strong></span> <span class='ocrx_word' id='word_1_326' title='bbox 462 4540 546 4588; x_wconf 84' lang='lat' dir='ltr'><strong>lxi.</strong></span> <span class='ocrx_word' id='word_1_327' title='bbox 584 4555 624 4589; x_wconf 89' lang='grc'><strong>1.</strong></span> <span class='ocrx_word' id='word_1_328' title='bbox 651 4540 723 4603; x_wconf 86' lang='lat' dir='ltr'><strong>(S.</strong></span> <span class='ocrx_word' id='word_1_329' title='bbox 757 4538 900 4589; x_wconf 82' lang='lat' dir='ltr'><strong>Luke</strong></span> <span class='ocrx_word' id='word_1_330' title='bbox 923 4539 989 4587; x_wconf 86' lang='lat' dir='ltr'><strong>iv.</strong></span> <span class='ocrx_word' id='word_1_331' title='bbox 1022 4538 1116 4601; x_wconf 85' lang='lat'><strong>18).</strong></span> 
     </span>
    </p>
   </div>
   <div class='ocr_carea' id='block_1_14' title="bbox 1573 3308 2740 4600">
    <p class='ocr_par' dir='ltr' id='par_1_17' title="bbox 1574 3308 2736 4026">
     <span class='ocr_line' id='line_1_49' title="bbox 1576 3308 2736 3373; baseline -0.002 -15"><span class='ocrx_word' id='word_1_332' title='bbox 1576 3308 1719 3373; x_wconf 84' lang='lat'>980):</span> <span class='ocrx_word' id='word_1_333' title='bbox 1755 3310 1935 3369; x_wconf 72' lang='grc' dir='ltr'>ἠξιώθη</span> <span class='ocrx_word' id='word_1_334' title='bbox 1962 3309 2081 3369; x_wconf 71' lang='grc' dir='ltr'><strong>γοῦν</strong></span> <span class='ocrx_word' id='word_1_335' title='bbox 2115 3308 2194 3356; x_wconf 76' lang='grc' dir='ltr'><strong>καὶ</strong></span> <span class='ocrx_word' id='word_1_336' title='bbox 2228 3308 2315 3367; x_wconf 67' lang='grc' dir='ltr'><strong>τῆς</strong></span> <span class='ocrx_word' id='word_1_337' title='bbox 2347 3310 2434 3355; x_wconf 82' lang='grc' dir='ltr'><strong>τοῦ</strong></span> <span class='ocrx_word' id='word_1_338' title='bbox 2468 3310 2736 3366; x_wconf 66' lang='grc' dir='ltr'><strong><em>πνεύματος</em></strong></span> 
     </span>
     <span class='ocr_line' id='line_1_50' title="bbox 1575 3387 2733 3452; baseline -0.003 -12"><span class='ocrx_word' id='word_1_339' title='bbox 1575 3393 1856 3450; x_wconf 71' lang='grc' dir='ltr'><strong>ἐνοικήσεως</strong></span> <span class='ocrx_word' id='word_1_340' title='bbox 1889 3391 2077 3452; x_wconf 72' lang='grc' dir='ltr'><strong>πρῶτος</strong></span> <span class='ocrx_word' id='word_1_341' title='bbox 2111 3387 2244 3451; x_wconf 69' lang='grc' dir='ltr'><strong>παρὰ</strong></span> <span class='ocrx_word' id='word_1_342' title='bbox 2278 3390 2387 3439; x_wconf 74' lang='grc' dir='ltr'><strong>τοὺς</strong></span> <span class='ocrx_word' id='word_1_343' title='bbox 2421 3390 2619 3438; x_wconf 72' lang='grc' dir='ltr'>λοιποὺς</span> <span class='ocrx_word' id='word_1_344' title='bbox 2654 3389 2733 3437; x_wconf 72' lang='grc' dir='ltr'><strong>ἀν·</strong></span> 
     </span>
     <span class='ocr_line' id='line_1_51' title="bbox 1578 3469 2734 3533; baseline -0.001 -10"><span class='ocrx_word' id='word_1_345' title='bbox 1578 3475 1896 3532; x_wconf 72' lang='grc' dir='ltr'><strong>θρώτους.....</strong></span> <span class='ocrx_word' id='word_1_346' title='bbox 1923 3472 2048 3531; x_wconf 80' lang='grc' dir='ltr'>ὅλην</span> <span class='ocrx_word' id='word_1_347' title='bbox 2075 3470 2164 3531; x_wconf 80' lang='grc' dir='ltr'><strong>τὴν</strong></span> <span class='ocrx_word' id='word_1_348' title='bbox 2192 3471 2337 3533; x_wconf 66' lang='grc' dir='ltr'>χάριν</span> <span class='ocrx_word' id='word_1_349' title='bbox 2356 3469 2447 3520; x_wconf 72' lang='grc' dir='ltr'><strong>τοῦ</strong></span> <span class='ocrx_word' id='word_1_350' title='bbox 2468 3474 2734 3530; x_wconf 68' lang='grc' dir='ltr'>πνεύματος</span> 
     </span>
     <span class='ocr_line' id='line_1_52' title="bbox 1577 3553 2732 3617; baseline -0.001 -13"><span class='ocrx_word' id='word_1_351' title='bbox 1577 3558 1630 3604; x_wconf 74' lang='grc' dir='ltr'><strong>ἐν</strong></span> <span class='ocrx_word' id='word_1_352' title='bbox 1658 3554 1813 3615; x_wconf 68' lang='grc' dir='ltr'>ἐαυτῷ</span> <span class='ocrx_word' id='word_1_353' title='bbox 1840 3556 2050 3614; x_wconf 78' lang='grc' dir='ltr'><strong>ἐδέξατο,</strong></span> <span class='ocrx_word' id='word_1_354' title='bbox 2080 3555 2256 3616; x_wconf 79' lang='grc' dir='ltr'>ἑτέροις</span> <span class='ocrx_word' id='word_1_355' title='bbox 2280 3556 2332 3603; x_wconf 79' lang='grc' dir='ltr'><strong>δὲ</strong></span> <span class='ocrx_word' id='word_1_356' title='bbox 2350 3553 2547 3615; x_wconf 73' lang='grc' dir='ltr'>μερικὴν</span> <span class='ocrx_word' id='word_1_357' title='bbox 2569 3556 2732 3617; x_wconf 68' lang='grc' dir='ltr'>παρεῖ-</span> 
     </span>
     <span class='ocr_line' id='line_1_53' title="bbox 1576 3632 2728 3696; baseline 0.001 -12"><span class='ocrx_word' id='word_1_358' title='bbox 1576 3653 1665 3696; x_wconf 79' lang='grc' dir='ltr'><strong>χεν</strong></span> <span class='ocrx_word' id='word_1_359' title='bbox 1698 3635 1787 3684; x_wconf 79' lang='grc' dir='ltr'><strong>τοῦ</strong></span> <span class='ocrx_word' id='word_1_360' title='bbox 1820 3636 1997 3684; x_wconf 69' lang='grc' dir='ltr'><strong><em>παντὸς</em></strong></span> <span class='ocrx_word' id='word_1_361' title='bbox 2033 3636 2299 3690; x_wconf 72' lang='grc' dir='ltr'>πνεύματος</span> <span class='ocrx_word' id='word_1_362' title='bbox 2332 3632 2422 3693; x_wconf 76' lang='grc' dir='ltr'><strong>τὴν</strong></span> <span class='ocrx_word' id='word_1_363' title='bbox 2454 3636 2728 3693; x_wconf 67' lang='grc' dir='ltr'><strong>μετουσίαν.</strong></span> 
     </span>
     <span class='ocr_line' id='line_1_54' title="bbox 1577 3715 2733 3782; baseline -0.003 -15"><span class='ocrx_word' id='word_1_364' title='bbox 1577 3718 1706 3767; x_wconf 84' lang='lat' dir='ltr'><strong>Also</strong></span> <span class='ocrx_word' id='word_1_365' title='bbox 1749 3718 1835 3768; x_wconf 89' lang='lat' dir='ltr'><strong>the</strong></span> <span class='ocrx_word' id='word_1_366' title='bbox 1891 3717 2039 3766; x_wconf 85' lang='lat' dir='ltr'><strong>Latin</strong></span> <span class='ocrx_word' id='word_1_367' title='bbox 2087 3715 2264 3781; x_wconf 81' lang='lat' dir='ltr'><strong>fragm.</strong></span> <span class='ocrx_word' id='word_1_368' title='bbox 2310 3732 2376 3766; x_wconf 84' lang='lat' dir='ltr'><strong>on</strong></span> <span class='ocrx_word' id='word_1_369' title='bbox 2435 3717 2568 3766; x_wconf 87' lang='lat' dir='ltr'><strong>Heb.</strong></span> <span class='ocrx_word' id='word_1_370' title='bbox 2621 3717 2655 3766; x_wconf 88' lang='lat' dir='ltr'><strong>i.</strong></span> <span class='ocrx_word' id='word_1_371' title='bbox 2700 3732 2733 3782; x_wconf 89' lang='lat'><strong>9</strong></span> 
     </span>
     <span class='ocr_line' id='line_1_55' title="bbox 1577 3795 2731 3862; baseline 0.001 -15"><span class='ocrx_word' id='word_1_372' title='bbox 1577 3801 1794 3860; x_wconf 74' lang='grc' dir='ltr'>(ἔχρισέν</span> <span class='ocrx_word' id='word_1_373' title='bbox 1841 3795 2097 3857; x_wconf 78' lang='grc' dir='ltr'><strong>σε...παρὰ</strong></span> <span class='ocrx_word' id='word_1_374' title='bbox 2148 3799 2257 3846; x_wconf 81' lang='grc' dir='ltr'><strong><em>τοὺς</em></strong></span> <span class='ocrx_word' id='word_1_375' title='bbox 2310 3799 2544 3859; x_wconf 73' lang='grc' dir='ltr'><strong><em>μετόχους</em></strong></span> <span class='ocrx_word' id='word_1_376' title='bbox 2596 3797 2731 3862; x_wconf 73' lang='grc' dir='ltr'><strong>σου)τ</strong></span> 
     </span>
     <span class='ocr_line' id='line_1_56' title="bbox 1581 3878 2732 3944; baseline 0 -16"><span class='ocrx_word' id='word_1_377' title='bbox 1581 3879 1892 3944; x_wconf 85' lang='lat' dir='ltr'><strong>“participes</strong></span> <span class='ocrx_word' id='word_1_378' title='bbox 1947 3879 2081 3928; x_wconf 87' lang='lat' dir='ltr'><strong>enim</strong></span> <span class='ocrx_word' id='word_1_379' title='bbox 2137 3879 2242 3927; x_wconf 86' lang='lat' dir='ltr'><strong>eius</strong></span> <span class='ocrx_word' id='word_1_380' title='bbox 2296 3878 2532 3927; x_wconf 90' lang='lat' dir='ltr'><strong>uidelicet</strong></span> <span class='ocrx_word' id='word_1_381' title='bbox 2585 3888 2732 3928; x_wconf 88' lang='lat' dir='ltr'><strong>uocat</strong></span> 
     </span>
     <span class='ocr_line' id='line_1_57' title="bbox 1574 3958 2373 4026; baseline -0.006 -15"><span class='ocrx_word' id='word_1_382' title='bbox 1574 3962 1661 4026; x_wconf 88' lang='lat' dir='ltr'><strong>qui</strong></span> <span class='ocrx_word' id='word_1_383' title='bbox 1697 3970 1748 4010; x_wconf 88' lang='lat' dir='ltr'><strong>et</strong></span> <span class='ocrx_word' id='word_1_384' title='bbox 1783 3960 1877 4025; x_wconf 89' lang='lat' dir='ltr'><strong>ipsi</strong></span> <span class='ocrx_word' id='word_1_385' title='bbox 1914 3960 2050 4008; x_wconf 87' lang='lat' dir='ltr'><strong>uncti</strong></span> <span class='ocrx_word' id='word_1_386' title='bbox 2085 3958 2250 4015; x_wconf 87' lang='lat' dir='ltr'><strong>sunt‚’&#39;</strong></span> <span class='ocrx_word' id='word_1_387' title='bbox 2281 3960 2373 4008; x_wconf 77' lang='lat' dir='ltr'><strong>&amp;c-</strong></span> 
     </span>
    </p>

    <p class='ocr_par' dir='ltr' id='par_1_18' title="bbox 1575 4039 2732 4189">
     <span class='ocr_line' id='line_1_58' title="bbox 1646 4039 2732 4105; baseline 0 -15"><span class='ocrx_word' id='word_1_388' title='bbox 1646 4057 1722 4105; x_wconf 83' lang='lat'><strong>15.</strong></span> <span class='ocrx_word' id='word_1_389' title='bbox 1811 4040 2070 4105; x_wconf 55' lang='lat' dir='ltr'><strong>primiti&amp;</strong></span> <span class='ocrx_word' id='word_1_390' title='bbox 2138 4040 2375 4104; x_wconf 84' lang='lat' dir='ltr'><strong>quasdam</strong></span> <span class='ocrx_word' id='word_1_391' title='bbox 2444 4040 2549 4102; x_wconf 65' lang='lat' dir='ltr'><strong>Sp„</strong></span> <span class='ocrx_word' id='word_1_392' title='bbox 2619 4039 2732 4102; x_wconf 84' lang='lat' dir='ltr'><strong>&amp;c.]</strong></span> 
     </span>
     <span class='ocr_line' id='line_1_59' title="bbox 1575 4121 2176 4189; baseline -0.008 -15"><span class='ocrx_word' id='word_1_393' title='bbox 1575 4125 1760 4189; x_wconf 89' lang='lat' dir='ltr'><strong>Comp.</strong></span> <span class='ocrx_word' id='word_1_394' title='bbox 1784 4140 1835 4188; x_wconf 90' lang='lat' dir='ltr'><strong>p.</strong></span> <span class='ocrx_word' id='word_1_395' title='bbox 1862 4121 1941 4185; x_wconf 85' lang='lat'><strong>56,</strong></span> <span class='ocrx_word' id='word_1_396' title='bbox 1970 4123 2004 4171; x_wconf 93' lang='lat' dir='ltr'><strong>l.</strong></span> <span class='ocrx_word' id='word_1_397' title='bbox 2030 4139 2078 4182; x_wconf 80' lang='lat'><strong>4.</strong></span> <span class='ocrx_word' id='word_1_398' title='bbox 2101 4137 2176 4185; x_wconf 84' lang='lat' dir='ltr'><strong>sq.</strong></span> 
     </span>
    </p>

    <p class='ocr_par' dir='ltr' id='par_1_19' title="bbox 1574 4200 2726 4349">
     <span class='ocr_line' id='line_1_60' title="bbox 1646 4200 2726 4269; baseline 0 -16"><span class='ocrx_word' id='word_1_399' title='bbox 1646 4204 1721 4254; x_wconf 90' lang='lat'><strong>16.</strong></span> <span class='ocrx_word' id='word_1_400' title='bbox 1781 4204 2036 4269; x_wconf 81' lang='lat' dir='ltr'><strong>praesens]</strong></span> <span class='ocrx_word' id='word_1_401' title='bbox 2061 4203 2155 4253; x_wconf 86' lang='lat' dir='ltr'><strong>See</strong></span> <span class='ocrx_word' id='word_1_402' title='bbox 2173 4219 2252 4251; x_wconf 83' lang='lat' dir='ltr'><strong>vv.</strong></span> <span class='ocrx_word' id='word_1_403' title='bbox 2274 4201 2348 4260; x_wconf 62' lang='lat' dir='ltr'><strong>n„</strong></span> <span class='ocrx_word' id='word_1_404' title='bbox 2371 4200 2472 4250; x_wconf 81' lang='lat' dir='ltr'><strong>and</strong></span> <span class='ocrx_word' id='word_1_405' title='bbox 2490 4201 2551 4251; x_wconf 81' lang='lat' dir='ltr'><strong>cs.</strong></span> <span class='ocrx_word' id='word_1_406' title='bbox 2571 4219 2619 4268; x_wconf 91' lang='lat' dir='ltr'><strong>p.</strong></span> <span class='ocrx_word' id='word_1_407' title='bbox 2645 4204 2726 4264; x_wconf 84' lang='lat'><strong>81,</strong></span> 
     </span>
     <span class='ocr_line' id='line_1_61' title="bbox 1574 4288 2269 4349; baseline -0.007 -13"><span class='ocrx_word' id='word_1_408' title='bbox 1574 4288 1609 4336; x_wconf 93' lang='lat'><strong>1.</strong></span> <span class='ocrx_word' id='word_1_409' title='bbox 1638 4300 1682 4349; x_wconf 84' lang='lat'><strong>7,</strong></span> <span class='ocrx_word' id='word_1_410' title='bbox 1713 4295 1850 4336; x_wconf 89' lang='lat' dir='ltr'><strong>note.</strong></span> <span class='ocrx_word' id='word_1_411' title='bbox 2263 4325 2269 4331; x_wconf 93' lang='lat'><strong>.</strong></span> 
     </span>
    </p>

    <p class='ocr_par' dir='ltr' id='par_1_20' title="bbox 1573 4365 2740 4600">
     <span class='ocr_line' id='line_1_62' title="bbox 1646 4365 2734 4436; baseline -0.003 -16"><span class='ocrx_word' id='word_1_412' title='bbox 1646 4385 1723 4436; x_wconf 89' lang='lat'><strong>¹9·</strong></span> <span class='ocrx_word' id='word_1_413' title='bbox 1787 4369 2027 4418; x_wconf 67' lang='lat' dir='ltr'><strong>erclen‘am</strong></span> <span class='ocrx_word' id='word_1_414' title='bbox 2080 4370 2229 4424; x_wconf 79' lang='lat' dir='ltr'><strong>enim,</strong></span> <span class='ocrx_word' id='word_1_415' title='bbox 2277 4365 2393 4428; x_wconf 62' lang='grc' dir='ltr'><strong>δια]</strong></span> <span class='ocrx_word' id='word_1_416' title='bbox 2473 4367 2734 4426; x_wconf 76' lang='grc' dir='ltr'>ἐκκλησίαν</span> 
     </span>
     <span class='ocr_line' id='line_1_63' title="bbox 1574 4449 2740 4512; baseline -0.003 -9"><span class='ocrx_word' id='word_1_417' title='bbox 1574 4455 1713 4503; x_wconf 75' lang='grc' dir='ltr'><strong>καλά’</strong></span> <span class='ocrx_word' id='word_1_418' title='bbox 1735 4454 1822 4502; x_wconf 72' lang='grc' dir='ltr'><strong>τὸν</strong></span> <span class='ocrx_word' id='word_1_419' title='bbox 1844 4454 2086 4512; x_wconf 77' lang='grc' dir='ltr'><strong>σύλλογον</strong></span> <span class='ocrx_word' id='word_1_420' title='bbox 2115 4451 2212 4499; x_wconf 74' lang='grc' dir='ltr'><strong>τῶν</strong></span> <span class='ocrx_word' id='word_1_421' title='bbox 2245 4449 2433 4498; x_wconf 69' lang='grc' dir='ltr'>πιστῶν</span> <span class='ocrx_word' id='word_1_422' title='bbox 2465 4450 2641 4510; x_wconf 85' lang='lat' dir='ltr'><strong>(Thdt.</strong></span> <span class='ocrx_word' id='word_1_423' title='bbox 2666 4451 2740 4499; x_wconf 87' lang='lat' dir='ltr'><strong>ad</strong></span> 
     </span>
     <span class='ocr_line' id='line_1_64' title="bbox 1573 4533 2725 4600; baseline 0.002 -16"><span class='ocrx_word' id='word_1_424' title='bbox 1573 4535 1621 4586; x_wconf 70' lang='lat' dir='ltr'><strong>h.</strong></span> <span class='ocrx_word' id='word_1_425' title='bbox 1652 4535 1733 4596; x_wconf 89' lang='grc'><strong>1.).</strong></span> <span class='ocrx_word' id='word_1_426' title='bbox 1770 4535 1952 4597; x_wconf 89' lang='lat' dir='ltr'><strong>Comp.</strong></span> <span class='ocrx_word' id='word_1_427' title='bbox 1977 4533 2076 4582; x_wconf 88' lang='lat' dir='ltr'><strong>Th.</strong></span> <span class='ocrx_word' id='word_1_428' title='bbox 2101 4549 2167 4582; x_wconf 90' lang='lat' dir='ltr'><strong>on</strong></span> <span class='ocrx_word' id='word_1_429' title='bbox 2193 4549 2209 4582; x_wconf 89' lang='grc' dir='ltr'><strong>ι</strong></span> <span class='ocrx_word' id='word_1_430' title='bbox 2231 4533 2365 4582; x_wconf 86' lang='lat' dir='ltr'><strong>Tim.</strong></span> <span class='ocrx_word' id='word_1_431' title='bbox 2382 4534 2453 4583; x_wconf 88' lang='lat' dir='ltr'><strong>iii.</strong></span> <span class='ocrx_word' id='word_1_432' title='bbox 2476 4551 2550 4598; x_wconf 80' lang='grc'><strong>15,</strong></span> <span class='ocrx_word' id='word_1_433' title='bbox 2570 4536 2725 4600; x_wconf 71' lang='lat' dir='ltr'><strong>insta.</strong></span> 
     </span>
    </p>
   </div>
  </div>
 </body>
</html>
