3293 5233
470 353 554 414 30
1127 353 1580 409 THEODORUS
1628 353 2212 409 MOPSUESTENUS
2496 340 2610 422 [ΙΙ.
2655 353 2746 419 15,
2788 341 2879 405 16.

468 532 762 604 excepto
802 532 1081 606 peccato
1111 523 1427 589 custodiri
1460 533 1871 605 poteramus,
1962 525 2118 609 quia
2151 545 2310 607 ergo
2345 523 2645 591 Christus
2678 524 2879 593 uenit,

469 628 760 709 dirigens
790 648 911 709 per
940 647 1129 690 suam
1165 630 1711 691 resurrectionem
1747 626 1857 695 illa
1891 647 2063 709 quae
2096 626 2315 693 sutura
2345 636 2516 702 sunt,
2550 626 2881 708 praestitit

471 749 629 791 uero
680 738 750 792 et
800 728 990 791 nobis
1039 728 1305 792 illorum
1351 730 1881 811 promissionem.
1971 751 2205 795 omnes
2257 730 2371 812 qui
2427 730 2491 791 in
2549 727 2880 810 praesenti

472 833 765 897 hac'uita
797 833 1127 896 credimus
1162 831 1445 909 Christo,
1479 834 1668 914 quasi
1703 834 1901 896 medii
1942 834 2216 915 quidam
2255 851 2483 895 sumus
2517 830 2883 912 praesentis

410 944 438 1010 5
472 956 737 1017 quoque
782 934 961 999 uitae
1004 945 1070 1001 et
1103 936 1381 1011 suturae,
1431 935 1799 999 secundum
1845 935 2011 997 illud
2048 936 2320 1017 quidem
2353 934 2534 1015 quod
2567 932 2883 995 mortales

472 1056 699 1102 sumus
749 1047 1003 1115 natura,
1036 1047 1106 1102 et
1150 1038 1694 1122 superuenientes
1733 1037 1926 1099 nobis
1963 1037 2358 1118 suscipimus
2405 1034 2881 1103 uertibilitateS.

476 1151 708 1226 utpote
740 1144 806 1206 in
844 1143 962 1207 tali
1003 1143 1442 1206 consistentes
1486 1150 1740 1217 natura,
1774 1140 1993 1222 legem
2037 1149 2105 1202 et
2142 1138 2533 1209 doctrinam,
2577 1145 2650 1199 ut
2681 1136 2884 1200 moris

473 1253 591 1319 est,
655 1246 1031 1327 indigemus
1061 1263 1077 1320 ;
1152 1266 1325 1327 quae
1377 1265 1499 1306 nos
1551 1243 1752 1305 docet
1806 1241 1918 1304 illa
1972 1239 2188 1304 facere
2233 1260 2405 1322 quae
2459 1238 2880 1315 conueniunt,

474 1353 542 1407 et
574 1365 615 1408 a
645 1346 886 1427 quibus
921 1346 1160 1409 caueri.
1252 1366 1373 1408 nec
1411 1346 1587 1407 enim
1626 1345 1775 1413 ⁴sine
1820 1343 2051 1406 labore
2088 1353 2157 1407 et
2197 1344 2438 1407 sudore
2470 1340 2558 1403 ad
2600 1339 2881 1403 uirtutes

373 1463 450 1510 10
475 1468 827 1530 possumus
880 1448 1090 1530 dirigi,
1152 1448 1307 1511 licet
1357 1447 1718 1530 plurimum
1774 1449 1912 1510 eius
1968 1448 2194 1511 animo
2242 1449 2589 1511 uideamur
2639 1445 2884 1509 habere

475 1550 893 1616 desiderium.
984 1552 1120 1617 fide
1161 1561 1386 1616 autem
1428 1552 1616 1634 quasi
1651 1555 1784 1615 iam
1832 1553 2189 1616 translatos
2237 1573 2358 1617 nos
2390 1553 2454 1614 in
2489 1553 2710 1619 futura
2744 1554 2884 1617 uita

476 1653 800 1731 uidemus,
850 1664 916 1718 et
958 1657 1259 1721 maxime
1299 1655 1500 1719 adubi
1549 1655 1884 1738 baptisma
1931 1659 2417 1738 perceperimus
2465 1658 2672 1741 (quod
2719 1662 2882 1743 bap-

475 1754 675 1817 tisma
735 1755 1018 1821 formam
1080 1756 1285 1821 habet
1345 1757 1578 1819 mortis
1639 1766 1707 1820 et
1768 1758 2265 1821 resurrectionis
2328 1759 2623 1844 Christi),
2686 1762 2882 1825 simul

475 1862 873 1943 accipientes
921 1870 987 1923 et
1030 1859 1351 1942 Spiritum
1393 1869 1697 1923 sanctum
1732 1861 1843 1941 qui
1892 1862 1958 1922 in
2012 1861 2418 1942 baptismate
2467 1863 2679 1927 datur.
2769 1863 2882 1945 qui

376 1978 444 2042 15
478 1963 667 2044 quasi
698 1963 1030 2044 primitiae
1072 1962 1405 2043 quaedam
1443 1972 1598 2026 sunt
1629 1962 2017 2036 futurorum,
2052 1986 2133 2026 eo
2174 1966 2356 2049 quod
2400 1970 2485 2032 ad
2519 1971 2880 2052 perfectam

478 2061 1025 2125 inmortalitatem
1100 2063 1364 2125 dandus
1433 2073 1534 2126 est
1603 2064 1797 2126 nobis
1861 2065 2148 2146 Spiritus
2209 2079 2494 2135 sanctus.
2603 2072 2757 2135 ideo
2817 2080 2884 2134 et

479 2163 993 2245 regenerationis
1023 2164 1306 2226 dicimus
1340 2163 1686 2246 Spiritum,
1718 2166 2083 2228 secundum
2125 2170 2305 2247 quod
2353 2181 2420 2235 et
2468 2173 2677 2238 forma
2725 2194 2884 2236 suae

479 2265 955 2345 inoperationis
1013 2266 1203 2345 quasi
1268 2265 1331 2327 in
1393 2267 1689 2329 secunda
1752 2268 1891 2330 uita
1957 2270 2223 2332 uidetur
2291 2293 2412 2335 nos
2482 2296 2882 2356 regenerare.

478 2375 546 2430 et
594 2376 868 2449 propter
912 2366 1039 2430 hoc
1088 2388 1129 2431 a
1177 2367 1628 2448 corporalibus
1679 2371 2052 2451 praeceptis
2101 2381 2168 2434 et
2223 2371 2351 2437 illis
2398 2396 2571 2457 quae
2620 2377 2884 2458 propria

368 2486 453 2533 20
479 2479 633 2532 sunt
659 2469 821 2551 legis
852 2470 1061 2532 securi
1094 2469 1541 2544 consistimus;
1575 2470 2140 2534 circumcisionem
2171 2474 2424 2549 adser0‚
2451 2485 2517 2538 et
2548 2477 2884 2551 sacrificia,

479 2582 544 2638 et
574 2573 830 2636 dierum
862 2572 1377 2648 obseruantiam‚
1412 2580 1479 2635 et
1511 2571 1775 2634 illorum
1820 2593 1994 2654 quae
2033 2574 2357 2638 eiusmodi
2396 2586 2568 2652 sunt,
2601 2597 2882 2656 quorum

479 2680 658 2745 nulla
700 2683 765 2745 in
809 2681 1030 2744 futuro
1071 2677 1338 2741 saeculo
1378 2676 1558 2739 lucra
1593 2676 1935 2742 habemus.
2027 2679 2437 2742 custodimus
2482 2688 2706 2742 autem
2755 2678 2885 2753 illa,

480 2805 561 2846 ne
592 2782 1021 2847 homicidium
1057 2780 1377 2844 faciamus
1409 2789 1525 2843 aut
1573 2778 1972 2843 adulterium
2020 2791 2137 2843 aut
2180 2781 2447 2859 furtum,
2482 2789 2548 2844 et
2581 2781 2887 2844 uniuersa

480 2885 590 2949 illa
651 2908 821 2968 quae
871 2886 957 2949 ad
1010 2884 1362 2968 propinqui
1416 2884 1847 2946 nociuitatem
1904 2905 1943 2946 a
1990 2885 2181 2947 nobis
2236 2884 2372 2946 fieri
2441 2893 2760 2966 possunt;
2844 2904 2885 2946 a

580 3090 598 3122 1
638 3073 883 3122 custodire
923 3072 964 3120 C
986 3072 1052 3120 H
1286 3086 1312 3133 3
1340 3077 1648 3134 praesentem
1677 3070 1718 3118 C
1728 3067 1753 3092 ⁴*
1985 3087 2015 3129 4
2044 3069 2128 3133 qui
2159 3069 2199 3118 si
2237 3067 2351 3132 (fhr
2378 3069 2538 3134 quasi)
2572 3070 2667 3119 H*
2698 3069 2706 3134 Ι
2736 3072 2886 3121 medii

473 3157 674 3219 quidem
704 3157 745 3203 C
754 3153 778 3177 ⁴*
804 3155 871 3202 ΙΙ
927 3153 1147 3201 medium
1171 3153 1408 3215 quiddam
1439 3154 1480 3200 C
1503 3150 1649 3213 (corr)
1797 3162 1823 3211 7
1847 3150 1956 3212 lege
1979 3158 2028 3199 et
2052 3152 2277 3200 doctrina
2303 3153 2346 3201 C
2368 3151 2514 3216 (corr)
2659 3154 2689 3201 8
2712 3156 2887 3204 doceat

478 3237 522 3282 C
544 3233 688 3296 (corr)
836 3249 867 3297 9
906 3242 1102 3296 oportet
1123 3233 1228 3280 add
1246 3233 1391 3296 (after
1411 3231 1592 3293 caueri)
1617 3231 1683 3278 ll
1810 3246 1868 3279 10
1891 3232 2149 3279 uideamus
2170 3232 2237 3279 II
2382 3248 2435 3282 12
2473 3233 2556 3280 nbi
2584 3231 2694 3297 (χόν
2715 3233 2886 3297 adubi)

479 3318 522 3363 C
551 3317 698 3374 (corr)
719 3315 909 3377 passim
1113 3329 1169 3375 13
1206 3313 1413 3361 sormam
1438 3312 1502 3360 ll
1696 3310 1754 3360 18
1777 3312 2078 3374 operationis
2107 3313 2151 3361 C
2181 3310 2325 3375 (corr)
2526 3331 2581 3374 24
2620 3316 2887 3365 nocitatem

475 3401 539 3447 ll
565 3399 921 3447 nocibilitatem
950 3397 993 3444 C
1015 3395 1158 3459 (corr)

548 3562 588 3594 1.
658 3552 841 3608 excepto
882 3543 1095 3608 peccato]
1161 3544 1241 3595 Cf.
1285 3560 1336 3608 p.
1369 3558 1442 3602 ιο,
1486 3543 1519 3591 1.
1553 3542 1627 3598 16,

476 3636 610 3677 note.

540 3729 585 3772 4.
658 3706 805 3771 quasi
836 3704 982 3753 medii
1010 3705 1232 3768 quidam]
1306 3705 1381 3754 Cf.
1413 3705 1538 3767 infr.
1574 3721 1622 3769 p.

479 3793 556 3851 38,
581 3790 615 3838 l.
641 3805 714 3844 12,
735 3788 918 3852 “quasi
943 3787 1176 3836 mortales
1194 3787 1448 3850 quidam‚''
1466 3789 1630 3837 where

477 3872 562 3920 the
586 3871 683 3920 Gk.
718 3869 760 3918 is
795 3869 855 3919 ὡς
888 3869 1049 3927 θνητοί
1081 3885 1216 3917 τινες.
1293 3869 1404 3918 The
1436 3878 1630 3933 present

476 3967 684 4014 passage
717 3952 758 3998 is
796 3948 1011 3998 referred
1052 3956 1104 3997 to
1138 3948 1189 3997 in
1224 3948 1308 3998 the
1344 3964 1524 3999 comm.
1565 3965 1631 3998 on

478 4032 544 4080 iii.
573 4046 636 4081 20
662 4033 726 4094 (q.
750 4031 838 4090 v.).

542 4127 587 4176 9.
659 4110 852 4172 caueri]
898 4110 1241 4172 φυλάσσεσθαι
1287 4128 1343 4159 or
1385 4112 1633 4172 εὐλαβεῖσ-

479 4194 558 4240 θαι
583 4193 659 4254 (Ρ).
733 4192 809 4243 Cf.
851 4210 901 4257 p.
928 4195 976 4251 8,
1016 4193 1047 4243 l.
1081 4212 1110 4254 4
1167 4201 1299 4245 note.
1375 4195 1445 4244 So
1480 4195 1636 4258 dit-{gri

479 4273 532 4330 (1.
564 4275 1073 4332 ιο)εκατορθοῦσθαι.

548 4367 622 4402 12.
692 4354 926 4415 baptisma
954 4355 1179 4416 fivrmam
1216 4355 1373 4416 habet]
1447 4357 1488 4405 C
1494 4373 1628 4419 omp.

477 4434 559 4481 the
605 4449 781 4482 comm.
836 4452 900 4484 on
947 4437 1012 4485 iii.
1063 4453 1137 4500 29,
1192 4436 1316 4486 κατὰ
1361 4442 1511 4487 τύπον
1555 4442 1631 4486 διὰ

1733 3544 1819 3591 τοῦ
1846 3543 2185 3601 βαπτίσματος
2210 3544 2260 3592 ἐν
2288 3544 2476 3594 ἐκείνοις
2508 3544 2752 3606 γινόμεθα·
2789 3547 2891 3596 and

1732 3639 1797 3671 on
1825 3624 1972 3671 Rom.
1998 3625 2062 3671 vi.
2090 3637 2161 3683 17,
2190 3626 2340 3672 τύπον
2363 3627 2414 3673 δέ
2437 3643 2541 3673 τινα
2564 3629 2642 3674 καὶ
2666 3628 2891 3688 σύμβολα

1733 3706 2009 3765 πληροῦμεν
2031 3706 2216 3752 ἐκείνων
2231 3707 2311 3753 ἐπὶ
2333 3708 2418 3753 τοῦ
2440 3709 2793 3766 βαπτίσματος,
2813 3709 2890 3757 διὰ

1732 3787 1817 3843 τῆς
1842 3785 2087 3844 δεδομένης
2117 3786 2228 3843 ἡμῖν
2260 3788 2312 3834 ἐν
2347 3785 2480 3847 αὐτῷ
2508 3791 2593 3837 τοῦ
2623 3788 2891 3850 πνεύματος

1735 3869 1908 3929 δωρεᾶς
1931 3867 2094 3930 ὥσπερ
2128 3870 2499 3931 ἀναγεννώμενοι
2534 3874 2660 3921 κατὰ
2692 3876 2891 3933 μίμησιν

1735 3949 1830 3995 τῶν
1864 3949 2104 4007 ἐσομένων
2141 3950 2265 3997 τότε.
2341 3950 2465 3999 This
2508 3952 2635 4000 view
2670 3953 2730 4002 os
2759 3954 2889 4017 Bap-

1736 4033 1849 4080 tism
1875 4031 1915 4080 is
1936 4030 2162 4094 frequent
2188 4032 2237 4080 in
2262 4032 2356 4081 Th.
2369 4032 2405 4081 's
2428 4035 2821 4084 commentaries.

1807 4128 1880 4177 19.
1927 4112 2027 4160 illis
2042 4128 2165 4174 quae
2170 4115 2378 4175 propria
2401 4123 2521 4164 suut
2539 4118 2671 4179 legis]
2708 4119 2887 4181 Comp-

1736 4196 1911 4254 Thdt„
1941 4193 2005 4242 vd
2033 4197 2083 4244 δέ
2105 4213 2165 4257 γε
2188 4200 2295 4258 περὶ
2321 4201 2574 4261 σαββάτου
2596 4203 2675 4249 καὶ
2704 4218 2888 4260 περιτο·

1734 4276 1827 4334 μῆς
1850 4278 1929 4325 καὶ
1952 4278 2133 4336 λεπροῦ
2224 4279 2342 4326 ἴδια
2374 4276 2434 4338 ἦν
2457 4283 2542 4328 τοῦ
2566 4282 2723 4340 νόμου·
2760 4279 2890 4330 σι’»δὲν

1734 4357 1831 4417 γὰρ
1854 4360 1963 4419 περὶ
1985 4356 2164 4407 τούτων
2188 4360 2220 4418 ἡ
2253 4359 2395 4418 φύσις
2428 4364 2718 4412 ἐπαίδευσεν.
2795 4366 2888 4412 See

1734 4449 1850 4488 note
1874 4455 1937 4488 on
1964 4456 2009 4503 p.
2044 4459 2089 4500 4.
2115 4441 2145 4487 l.
2185 4456 2255 4502 ¹4·
