3293 5233
305 396 438 462 111.
475 397 562 482 2.]

1025 412 1108 462 ΙΝ
1158 413 1262 463 ΕΡ.
1309 412 1412 463 ΑΙ)
1459 412 2007 468 PHILIPPENSES·

2591 417 2708 483 231

384 609 391 614 ·
436 586 636 659 †hinc
677 587 908 671 incipit
953 586 1100 652 illos
1152 586 1632 671 reprehendere
1674 586 1788 670 qui
1832 597 2023 654 erant
2067 609 2156 652 ex
2201 589 2715 665 circumcisione,

303 685 414 767 qui
447 688 723 752 suadere
755 689 886 752 illis
925 690 1353 766 conabantur,
1388 699 1460 753 ut
1496 690 1862 754 secundum
1897 690 2112 774 legem
2147 690 2463 757 uiuerent.
2558 711 2714 757 nam

302 788 482 869 quod
533 790 710 854 dixit
760 791 912 855 haec
957 793 1175 856 eadem
1219 793 1502 867 scribere,
1551 814 1685 856 non
1733 794 1891 875 quia
1938 794 2071 856 iam
2118 795 2469 877 scripserat
2512 796 2715 874 dicit;

302 893 488 957 nullo
519 895 695 959 enim
731 897 797 958 in
829 897 975 960 loco
1018 897 1083 961 in
1127 898 1411 980 epistola
1450 898 1515 961 id
1561 897 1827 961 uidetur
1863 897 2135 975 dixisse,
2171 899 2447 963 alteram
2490 910 2713 965 autem

302 998 575 1076 quando
635 998 897 1081 scripsit
956 998 1042 1062 ad
1097 1020 1213 1063 eos
1265 999 1620 1082 epistolam
1684 998 2079 1063 nullomodo
2132 1001 2506 1067 didicimus,

2595 1004 2712 1068 sed

303 1098 459 1179 quia
490 1098 806 1165 docuerat
848 1122 961 1164 eos
1000 1102 1477 1185 instantissime
1509 1102 1594 1165 de
1624 1101 1727 1165 his
1771 1102 1930 1184 ipsis
1972 1104 2259 1185 negotiis
2300 1104 2570 1187 quando
2602 1104 2716 1168 illo

304 1199 535 1281 fuerat,
588 1201 717 1266 hoc
776 1203 939 1268 dicit
1007 1205 1325 1286 quoniam
1382 1203 1582 1267 ‘mihi
1645 1204 1729 1267 de
1790 1204 2033 1286 quibus
2091 1204 2467 1287 frequenter
2528 1206 2716 1269 uobis

304 1302 563 1368 locutus
612 1325 778 1383 sum,
829 1306 914 1369 de
952 1305 1081 1368 illis
1126 1307 1284 1388 ipsis
1333 1307 1617 1370 scribere
1664 1308 2019 1390 impigrum
2068 1317 2187 1383 est,
2232 1329 2313 1371 eo
2363 1310 2541 1390 quod
2593 1308 2719 1373 fre-

303 1427 514 1488 quens
546 1409 976 1471 commonitio
1008 1409 1336 1472 cautelam
1380 1410 1570 1473 uobis
1601 1409 1994 1493 ampliorem
2027 1411 2344 1493 praebere
2377 1409 2716 1476 uideturl*

302 1528 473 1588 quae
505 1521 661 1574 sunt
690 1531 849 1594 ergo
881 1512 1054 1576 ista?

434 1660 642 1725 uidete
669 1683 865 1741 canes,
900 1663 1107 1727 uidete
1137 1665 1340 1727 malos
1366 1663 1702 1746 operarios.

433 1787 682 1872 †canes
722 1791 987 1855 uocauit
1019 1811 1149 1865 eOS,
1183 1813 1264 1855 eo
1302 1792 1481 1874 quod
1516 1790 1766 1854 nullam
1798 1789 2050 1854 habent
2081 1791 2565 1868 uerecundiam,
2598 1791 2715 1855 sed

432 1997 721 2063 ἐντεῦθεν
766 1996 1039 2087 ἄρχεται
1096 2002 1225 2063 τῶν
1285 1997 1357 2062 ἐκ
1414 1999 1768 2084 περιτομῆς
1814 1995 2296 2072 καθάπτεσθαι,
2358 1994 2425 2061 οἳ
2473 1994 2720 2062 πείθειν

302 2098 538 2171 αὐτοὺς
576 2101 923 2185 ἐπειρῶντο
962 2098 1130 2164 κατὰ
1160 2098 1352 2182 νόμον
1384 2102 1507 2184 ζῇν.
1596 2099 1675 2166 τὸ
1716 2102 1799 2194 τὰ.
1829 2100 1981 2174 ιγ’τᾶ
2013 2104 2264 2185 Γράφειω
2308 2096 2436 2188 οὐχ
2480 2097 2564 2169 ὥς
2610 2098 2719 2166 καὶ

302 2199 424 2281 ἤδη
453 2200 724 2287 γράψας
752 2206 949 2284 λέγει,
981 2200 1267 2283 οὐδαμοῦ
1294 2201 1419 2286 γὰρ
1450 2205 1565 2282 τῆς
1597 2201 1959 2280 ἐπιστολῆς
1991 2200 2293 2285 φαίνεται
2323 2200 2477 2289 περὶ
2508 2197 2721 2266 αὐτῶν
2753 2221 2823 2287 15

303 2304 519 2383 εἰπών,
554 2303 777 2386 ἑτέραν
806 2303 875 2369 δὲ
905 2302 1006 2370 ὅτι
1041 2307 1451 2391 γεγράφηκεν
1495 2303 1662 2391 πρὸς
1693 2302 1924 2374 αὐτοὺς
1966 2302 2333 2385 ἐπιστολὴν
2364 2302 2720 2384 οὐδαμόθεν

303 2406 639 2490 ἐμάθομεν·
670 2404 823 2471 ἀλλ’
858 2406 940 2478 ὠς
985 2405 1356 2497 διαλεχθεὶς
1385 2405 1608 2477 αὐτοῖς
1638 2405 1869 2472 πολλὰ
1904 2405 2055 2494 περὶ
2085 2406 2326 2471 τούτων
2361 2405 2472 2472 ὅτε
2501 2405 2721 2493 παρῆν

301 2516 496 2578 τοῦτο
538 2510 733 2595 λέγει,
767 2510 871 2577 ’ὅτι
913 2513 1087 2597 ’ἐμοὶ
1118 2513 1269 2599 περὶ
1300 2510 1385 2577 ὦν
1415 2511 1569 2597 ὑμῖν
1601 2511 1963 2600 διελέχθην,
1995 2512 2148 2595 περὶ
2189 2515 2319 2577 τῶν
2360 2508 2578 2577 αὐτῶν
2608 2511 2722 2577 καὶ

300 2614 574 2701 γράφειν
596 2616 777 2686 ὄκνος
804 2614 1029 2696 οὐδεὶς,
1062 2613 1412 2700 ἐπειδήπερ
1444 2612 1822 2701 α’σφάλειαν
1863 2612 2071 2696 ὑμῖνή
2103 2611 2413 2702 συνέχεια
2444 2613 2721 2702 παρέχει

302 2724 431 2786 τῶν
502 2718 842 2807 ῥημάτωνῖ

932 2725 1116 2795 “fuae
1189 2721 1257 2785 δὲ
1338 2718 1574 2791 αὐτοὺς
1646 2724 1845 2786 καλεῖ
1914 2719 1997 2789 ὥς
2056 2717 2531 2806 ἀναισχύντους
2606 2717 2721 2783 καὶ
2746 2734 2831 2781 20

407 2917 463 2964 13
487 2919 559 2966 sq.
602 2902 756 2952 Coisl.
793 2916 906 2964 204,
942 2901 974 2950 f.
1017 2903 1106 2952 128
1129 2904 1163 2950 b
1185 2903 1296 2963 [Cr.
1324 2902 1389 2949 vi.
1418 2901 1527 2959 268,
1559 2901 1642 2949 Fr.
1676 2900 1803 2964 139].
1874 2901 2115 2960 θεὸδωρος.
2189 2898 2340 2948 ἄλλος
2375 2900 2425 2947 δέ
2448 2907 2614 2958 φησιν·
2649 2901 2720 2948 έν-

301 2986 481 3041 τεῦθεν,
509 2987 658 3033 κ.τ.λ.

309 3126 602 3187 ...ἁσφαλές.
671 3126 843 3189 Vulg..
869 3141 970 3173 non
985 3126 1461 3188 pngrum...ttec-essa-

303 3209 452 3257 rium.
541 3208 619 3257 Cf.
661 3208 935 3257 Ambrstr.:
985 3209 1248 3271 “impiger
1286 3216 1357 3256 est
1394 3209 1458 3258 ad

302 3292 615 3340 scribendum
640 3290 710 3339 eis
734 3306 861 3354 quae
885 3290 1159 3338 necessaria
1181 3299 1294 3339 sunt
1328 3291 1460 3339 utili-

302 3373 393 3421 tati
423 3371 676 3421 illorum.”

376 3469 413 3501 1.
470 3453 589 3502 hinc
620 3452 792 3515 incipi!
823 3453 1173 3515 reprehendere,
1203 3451 1316 3513 Sco]
1364 3454 1459 3501 See

301 3549 402 3597 arg.
432 3536 500 3596 (p.
537 3534 639 3597 ¹98,
667 3533 700 3580 1.
729 3549 773 3592 2,
802 3536 918 3596 sq.).

370 3631 415 3679 3.
484 3632 583 3664 non
622 3617 741 3679 quia
775 3616 877 3664 iam
912 3615 1107 3678 scr-ipa]
1173 3615 1460 3664 Theodoret

301 3697 497 3747 follows
520 3697 617 3746 Th.
644 3698 695 3746 in
717 3697 957 3761 rejecting
990 3698 1073 3746 the
1097 3697 1386 3761 hypothesis
1410 3697 1468 3746 os

302 3794 333 3825 a
367 3779 462 3826 lost
496 3779 656 3831 letter.
687 3779 773 3827 but
810 3780 1010 3842 regards
1044 3780 1108 3827 τὰ
1140 3780 1265 3826 αὐτά
1297 3794 1352 3826 as
1386 3795 1461 3826 re·

304 3857 487 3921 serring
510 3867 562 3906 to
586 3859 673 3907 the
705 3859 880 3907 earlier
914 3867 1023 3922 part
1059 3858 1116 3908 os
1145 3859 1229 3907 the
1263 3868 1463 3923 present

306 3940 532 4003 Epistle:
573 3943 657 3988 οὐκ
690 3944 849 3997 ἄλλην
884 3943 1043 3989 αὐτοῖς
1078 3942 1344 3998 ἐπιστολὴν
1377 3941 1459 4002 γέ-

300 4027 504 4083 γραφεν,
536 4020 643 4069 ἀλλ’
673 4023 723 4069 ἐν
747 4024 900 4082 ταύτῃ
922 4024 1110 4070 πολλὰς
1133 4024 1290 4071 αὐτοῖς
1313 4038 1461 4082 προσ-

304 4105 506 4164 ήνεγκεν
531 4106 820 4163 εἰσηγήσεις.
899 4102 1042 4151 Th.‘s
1064 4103 1383 4166 explanation
1420 4102 1461 4150 is

300 4185 447 4246 given
493 4185 559 4247 by
599 4185 829 4248 Pelagius
868 4185 1125 4242 (followed
1171 4185 1238 4247 by
1284 4185 1458 4234 Sedul.

304 4269 498 4326 Scot.):
542 4268 765 4315 “eadem
791 4276 1011 4330 repetere
1034 4283 1161 4330 quae
1187 4267 1285 4315 iam
1320 4283 1458 4331 prae·

302 4363 414 4395 sens
436 4347 678 4396 dixerat.'’

370 4444 396 4490 5
432 4430 648 4492 quando]
666 4428 980 4493 :quoniam;
1015 4445 1095 4479 see
1121 4431 1223 4479 Gk.

368 4510 414 4559 6.
483 4513 599 4575 quia
632 4512 1107 4577 docuerat...fi1crat]
1183 4511 1458 4562 Lansranc:

842 3000 899 3046 14
934 2981 1003 3045 τῷ
1026 2984 1137 3047 (for
1156 2984 1231 3045 τὸ)
1254 2984 1366 3031 cod.
1397 2984 1514 3031 edd.

1565 3123 1810 3171 “Eadem
1842 3121 1978 3179 dicit,
2008 3123 2126 3184 quia
2159 3121 2222 3169 de
2256 3120 2334 3169 his
2367 3120 2603 3170 docuerat
2636 3136 2722 3170 eos

1562 3204 1765 3267 quando
1788 3203 1922 3265 apud
1947 3218 2034 3250 eos
2058 3198 2270 3250 fuerat.”

1635 3299 1709 3333 η.
1777 3299 1988 3331 canes
2007 3299 2058 3330 co
2111 3282 2244 3346 quod
2293 3281 2489 3329 nullam
2545 3281 2724 3330 habent

1560 3367 1736 3428 nerea]
1799 3370 1868 3417 So
1891 3366 2070 3414 Thdt.:
2107 3367 2225 3413 ἴδιον
2246 3366 2343 3412 τῶν
2367 3366 2513 3413 κυνῶν
2536 3364 2567 3422 ἡ
2590 3365 2720 3413 ἀναί-

1561 3452 1679 3499 δεια.
1753 3450 1920 3507 ἐπειδὴ
1942 3447 2100 3495 τοίνυν
2130 3448 2416 3495 πολλάκις
2449 3447 2720 3508 διελεγχ·

1562 3532 1758 3579 θέντες
1797 3528 1926 3577 οὗτοι
1964 3528 2024 3576 ὡς
2071 3530 2226 3575 κακῶς
2271 3527 2327 3575 τὸ
2364 3528 2587 3587 κήρυγμα
2621 3528 2720 3575 δια·

1560 3612 1835 3671 φθείροντες
1868 3609 2146 3665 ἐπέμενον
2180 3608 2254 3667 τῇ
2292 3608 2590 3668 μοχθηρίᾳ
2634 3609 2721 3667 τῆς

1559 3692 1769 3752 γνώμης,
1797 3690 1990 3739 εἰκότως
2018 3688 2186 3736 αὐτοὺς
2217 3686 2610 3749 προσηγόρευσεν
2640 3690 2718 3736 κύ-

1561 3790 1661 3822 νας.
1731 3773 1816 3821 ne
1840 3771 1980 3827 adds,
2010 3770 2255 3827 however,
2288 3768 2372 3818 the
2400 3770 2720 3832 explanation

1558 3853 1724 3903 which
1767 3854 1942 3916 Chrys.
1982 3852 2080 3899 had
2121 3851 2390 3900 combined
2431 3851 2554 3899 with
2589 3851 2718 3901 this:

1559 3936 1704 3982 τοῦτο
1727 3935 1882 3981 πάλαι
1907 3933 2001 3979 τῶν
2028 3932 2173 3979 ἐθνῶν
2195 3927 2256 3989 ἦν
2286 3931 2345 3978 τὸ
2377 3931 2722 3989 ὄνομα.,.ᾰλλὰ

1559 4018 1742 4079 μετέβη
1773 4016 1901 4075 μετὰ
1938 4013 2033 4061 τῶν
2071 4013 2370 4074 πραγμάτων
2405 4015 2483 4061 καὶ
2522 4014 2586 4061 τὰ
2620 4010 2719 4062 6116-

1559 4115 1711 4158 ματα.
1788 4097 2037 4145 Ambrstr.
2077 4095 2331 4155 (followed
2365 4095 2434 4158 by
2468 4096 2716 4160 Pelagius)

1562 4180 1692 4228 finds
1715 4195 1744 4227 a
1769 4178 1899 4227 third
1925 4178 2064 4241 point
2089 4176 2148 4225 of
2174 4177 2418 4225 likeness:
2458 4177 2716 4240 “primum

1559 4263 1892 4320 oblatrant,
1934 4260 2114 4309 dehinc
2150 4275 2345 4307 morsu
2381 4274 2559 4308 saeuo
2587 4261 2718 4309 male

1559 4355 1824 4410 operantur
1846 4345 1892 4392 in
1912 4339 2165 4391 carnem.'’
2227 4340 2373 4394 '1'h.’,s
2397 4341 2717 4405 explanation

1559 4428 1599 4476 is
1624 4427 1756 4476 cited
1787 4427 1945 4475 under
1982 4425 2065 4474 the
2102 4440 2247 4473 name
2282 4423 2340 4472 os
2369 4424 2619 4475 Ambrose
2652 4425 2720 4489 by

1562 4510 1829 4559 Lansranc.

2751 1541 2829 1589 10
