3293 5233
332 418 447 484 IV.
480 417 783 502 26-28,]
1120 430 1202 481 m
1250 431 1356 483 ΕΡ.
1401 431 1504 482 AD
1551 429 1920 483 EPHEsms,

2615 410 2735 499 '¹75

456 612 471 638 ‘
492 607 609 670 sed
642 607 766 670 etsi
797 607 881 669 ad
916 607 1080 669 iram
1130 606 1584 682 commoveriS,
1615 625 1751 669 non
1792 615 2019 670 tamen
2050 605 2135 669 ad
2168 612 2515 687 peccatum
2557 595 2744 665 exire

326 707 531 770 debes
606 715 672 770 et
748 726 1190 788 prorumpere,
1250 706 1567 769 iniustum
1642 706 1891 789 aliquid
1968 707 2284 770 aduersus
2356 703 2740 786 proximum

328 816 516 870 tuum
548 804 832 870 faciens?
924 815 992 871 et
1040 817 1113 870 ut
1151 828 1235 870 ne
1272 808 1576 870 uideatur
1606 809 1970 871 concedere
2013 809 2177 871 iram
2225 807 2369 870 sine
2422 804 2745 869 iniustitia

327 910 637 984 exerceri,
668 909 1024 971 terminum
1057 908 1193 972 irae
1223 911 1475 986 statuit,
1505 910 1735 972 dicens
1761 934 1775 973 :

454 1061 557 1123 sol
577 1082 702 1124 non
731 1061 973 1124 occidat
998 1073 1188 1143 super
1216 1061 1628 1125 iracundiam
1661 1073 1961 1126 uestram.
2816 1069 2847 1135 5

457 1184 627 1248 bene
672 1207 823 1249 cum
871 1186 1001 1250 diei
1049 1195 1116 1249 et
1161 1206 1436 1268 operum
1469 1187 1754 1250 termino
1796 1186 1997 1250 etiam
2040 1185 2241 1250 finem
2279 1186 2539 1248 illorum
2571 1206 2743 1267 quae

328 1308 417 1350 ex
471 1288 565 1351 ira
617 1290 887 1353 adnasci
942 1289 1160 1353 solent
1210 1289 1444 1353 fecisse
1493 1290 1776 1354 uidetur.
1864 1299 1932 1353 et
1983 1290 2074 1353 rei
2129 1290 2334 1372 ipsius
2386 1288 2742 1352 utilitatem

327 1394 686 1458 ostendens
717 1393 919 1457 adicit
947 1417 961 1456 z

455 1562 521 1615 et
545 1552 738 1616 nolite
766 1554 967 1616 locum
997 1552 1158 1616 dare
1183 1551 1451 1616 diabole.

458 1684 546 1747 ‘si
606 1681 868 1765 (inquit)
924 1681 990 1745 in
1051 1681 1324 1763 longum
1384 1681 1746 1745 tetenderis
1805 1679 1988 1756 iram,
2041 1680 2282 1763 accipit
2333 1679 2554 1744 locum
2602 1679 2742 1742 dia·
2779 1692 2857 1739 ιο

327 1786 536 1864 boluS,
570 1795 643 1849 ut
674 1795 741 1849 et
773 1786 857 1847 ad
890 1784 1283 1848 iniustitiam
1315 1794 1382 1848 te
1413 1784 1773 1867 propellat!

460 1900 526 1953 et
576 1889 893 1971 quoniam
948 1873 1313 1970 perfectum
1367 1889 1451 1950 de
1505 1888 1860 1951 concordia
1912 1898 1981 1952 et
2032 1888 2308 1952 caritate
2368 1909 2742 1953 sermonem

329 1991 563 2066 reddit,
604 1989 851 2072 profert
895 1990 1133 2052 iterum
1180 1998 1247 2053 et
1297 1989 1381 2052 de
1426 1988 1555 2050 illis
1600 1987 2157 2065 exhortationem,
2202 1990 2288 2051 de
2331 1988 2632 2072 plurimis
2677 1999 2745 2053 et

330 2093 712 2154 necessariis
745 2091 871 2153 illis
903 2092 1328 2172 disceptans:

457 2233 574 2314 qui
594 2234 968 2314 furabatur
994 2233 1129 2296 iam
1168 2254 1293 2296 non
1316 2234 1633 2316 furetur,-
1679 2232 1895 2315 magzlv
1922 2243 2137 2296 autem
2167 2234 2410 2298 laboret
2433 2232 2746 2316 operando
2780 2249 2850 2318 1-5

328 2336 502 2418 quod
525 2337 754 2400 bonum
801 2346 895 2400 est
944 2336 1244 2400 manibus
1280 2337 1435 2413 suis,
1466 2348 1542 2401 ut
1568 2335 1797 2400 habeat
1825 2338 2172 2402 retribuere
2220 2338 2283 2401 ei
2324 2337 2441 2419 qui
2490 2339 2745 2403 necessi-

329 2446 524 2499 tatem
553 2436 840 2502 sustinet.

458 2567 629 2630 bene
688 2587 728 2630 a
788 2586 1070 2649 persona
1130 2565 1288 2630 furis
1362 2567 1585 2631 retulit
1656 2567 1901 2645 dicenS,
1960 2568 2177 2651 magis
2232 2578 2449 2632 autem
2507 2568 2749 2633 laboret

324 2668 636 2749 operando
693 2668 867 2749 quod
918 2669 1148 2731 bonum
1206 2679 1301 2731 est
1358 2670 1660 2733 manibus
1714 2670 1869 2732 suis,
1969 2671 2023 2731 si
2087 2671 2264 2732 enim
2326 2690 2458 2732 non
2521 2678 2745 2751 potest

326 2775 581 2856 operari
633 2772 1016 2846 necessaria,
1053 2792 1175 2834 nec
1224 2772 1469 2834 furtum
1516 2772 1730 2834 facere
1778 2770 2063 2853 poterit;
2127 2774 2182 2835 si
2231 2782 2455 2835 autem
2505 2780 2742 2853 potest,
2771 2792 2857 2839 20

328 2878 561 2939 melius
607 2886 708 2939 est
755 2875 1053 2938 laborare
1085 2875 1267 2937 illum
1319 2885 1723 2955 operantem,
1757 2884 1830 2937 ut
1878 2885 1945 2938 et
1990 2875 2144 2938 aliis¹
2183 2876 2469 2938 tribuere
2515 2875 2744 2956 possit.

327 3001 459 3043 non
511 2980 687 3041 enim
721 2979 786 3040 in
820 2998 1173 3041 commune
1222 2979 1445 3059 posuit
1493 2977 1709 3058 legem
1759 2979 2076 3059 operandi
2126 2978 2442 3040 aduersus
2491 2999 2740 3054 omneS,

327 3079 432 3141 uel
466 3081 762 3141 maxime
803 3077 950 3139 illos
999 3080 1111 3159 qui
1159 3100 1291 3141 non
1339 3089 1618 3160 possunt
1651 3079 1924 3159 operari.
2014 3079 2125 3141 ubi
2159 3089 2226 3141 et
2256 3079 2342 3141 de
2373 3099 2444 3141 se
2474 3089 2745 3160 propter

426 3263 453 3296 2
490 3254 663 3295 contra
693 3262 834 3310 prox.
874 3246 970 3303 (om
1006 3246 1165 3303 tuum)
1191 3244 1251 3293 H

323 3329 512 3378 iustitia
549 3329 617 3375 H
802 3347 833 3389 4
867 3327 1159 3376 sterminum
1184 3327 1291 3388 [sic]
1331 3327 1397 3375 H

327 3429 392 3465 20
424 3428 630 3479 operare
659 3410 737 3461 C*
936 3424 993 3457 21
1034 3416 1202 3473 posset
1231 3408 1310 3457 C*

1520 3261 1548 3308 3
1590 3245 1698 3294 sine
1731 3245 2025 3294 iniustitiam
2056 3246 2099 3295 C
2106 3245 2131 3269 ⁸*
2156 3245 2262 3295 siue
2297 3245 2363 3294 in.
2402 3246 2444 3293 C
2465 3247 2612 3307 (corr)
2637 3248 2744 3298 sine

1596 3342 1656 3377 10
1688 3327 1882 3391 accepit
1913 3326 1992 3377 C*
2218 3342 2268 3375 11
2308 3327 2374 3375 ad
2410 3327 2650 3377 iustitiam
2685 3330 2753 3377 H

396 3565 438 3598 1.
504 3549 589 3597 sed
614 3547 706 3596 etsi
733 3546 805 3593 ad
834 3544 984 3601 iram,
1020 3543 1137 3604 δία]
1196 3543 1274 3593 Cf.
1302 3543 1476 3606 Chrys.

323 3633 394 3680 ad
411 3631 457 3680 h.
483 3630 552 3678 l.:
587 3626 738 3677 καλὸν
759 3628 847 3686 μὲν
870 3624 970 3689 ’γὰρ
999 3624 1057 3674 τὸ
1087 3622 1154 3684 μὴ
1184 3623 1482 3688 ὀργίζεσθαι.

325 3713 368 3759 εἰ
390 3712 441 3759 δέ
462 3727 533 3759 τις
555 3710 760 3768 ἐμπέσοι
794 3708 917 3754 ποτὲ
952 3709 1020 3755 εἰς
1052 3701 1110 3754 τὸ
1145 3703 1308 3765 πάθος,
1349 3703 1483 3753 ἄλλο’.

325 3789 392 3848 μή
426 3792 491 3838 εἰς
523 3791 766 3837 τοσοῦτον.
840 3788 959 3835 And
996 3803 1061 3835 on
1101 3788 1179 3836 Ps.
1218 3788 1284 3835 iv.
1320 3801 1345 3848 5
1380 3784 1482 3849 (ap.

327 3869 531 3917 Corder.
571 3875 742 3921 caten„
779 3866 812 3914 i.
848 3883 898 3930 p.
949 3864 1052 3929 72):
1101 3868 1155 3913 οὐ
1194 3864 1286 3924 τήν
1332 3865 1484 3928 ὀργὴν

327 3949 521 4008 ἀναιρεῖ,
542 3949 673 3995 ἀλλὰ
689 3949 779 4003 τὴν
804 3948 963 3994 ἄδικον
985 3947 1333 4008 ὀργήν...ἔστιν
1351 3945 1482 4006 δὲμὴ

327 4026 613 4090 ἁμαρτάνειν
637 4029 959 4091 ὀργιζόμενον,
989 4028 1108 4077 ὅταν
1130 4030 1316 4079 δικαίως
1339 4031 1482 4077 τοῦτο

326 4110 544 4169 ποιῶμεν.
618 4110 741 4158 Oec.
766 4110 914 4157 adds:
950 4108 1134 4167 ἤκουσα
1165 4108 1305 4158 τινῶν
1338 4098 1477 4171 ἑρμηζ

324 4190 604 4241 νευσάντων·
640 4192 727 4247 μία
752 4188 937 4253 (φησὶν)
977 4189 1309 4253 ἀναμάρτητος
1342 4194 1480 4253 ὀργή,

324 4274 357 4332 ᾗ
378 4272 494 4334 πρὸς
516 4273 622 4320 τοὺς
648 4272 871 4328 δαίμονας
895 4274 971 4319 καὶ
995 4273 1060 4319 τὰ
1075 4271 1231 4334 τάθη.

387 4352 437 4401 6.
506 4354 618 4401 benc
635 4368 747 4399 cum
770 4353 879 4411 dici,
909 4353 1023 4413 Sec-J
1083 4354 1236 4403 Thdt.
1262 4371 1274 4402 ε
1309 4355 1486 4416 μέτρον

322 4438 495 4485 ἔδωκεν
515 4434 584 4495 τῷ
608 4434 741 4493 θυμῷ
761 4435 847 4492 τῆς
870 4434 1047 4495 ἡμέρας
1068 4431 1123 4483 τὸ
1146 4438 1333 4497 μέτρον.

398 4531 466 4565 ιο.
541 4514 713 4578 accepit
750 4516 920 4574 locum,
966 4515 1081 4575 &c.]
1158 4515 1235 4563 Cf.
1272 4516 1483 4577 Chrys.:

1584 3544 1812 3592 οὖδεπότε
1844 3540 1941 3606 γὰρ
1967 3541 2116 3593 οὕτως
2146 3544 2249 3605 ἔχει
2284 3543 2436 3593 τόπον
2468 3544 2495 3593 ὁ
2521 3543 2744 3608 διάβολος

1585 3621 1645 3673 ὠς
1668 3625 1717 3671 ἐν
1740 3625 1841 3672 ταῖς
1865 3623 2071 3685 ἔχθραις.

1656 3721 1675 3753 1
1685 3720 1728 3767 5.
1801 3705 2043 3769 operando
2065 3706 2196 3768 quod
2213 3704 2254 3753 b.
2283 3712 2354 3754 est
2375 3722 2442 3753 m.
2465 3704 2532 3766 s.]
2598 3707 2740 3767 ἐργα-

1583 3783 1774 3846 ζόμενος
1806 3787 1864 3833 τὸ
1898 3786 2083 3845 ἀγαθὸν
2116 3787 2220 3835 ταῖς
2257 3788 2394 3834 ἰδίαις
2425 3788 2743 3847 χερσίν-ὼε

1582 3866 1791 3929 reading
1825 3867 2044 3928 adopted
2077 3867 2183 3915 also
2219 3867 2286 3929 by
2310 3866 2462 3914 Thdt.
2535 3867 2737 3929 Chrys„

1582 3946 1694 4008 &c.,
1724 3947 1846 3995 omit
1871 3949 2021 3996 ἰδίαις.

1650 4045 1728 4077 22.
1797 4045 1896 4076 non
1935 4030 2067 4078 enim
2104 4030 2160 4076 in
2204 4044 2375 4077 comm.
2406 4030 2588 4091 pontit,
2624 4029 2741 4090 δια]

1584 4110 1662 4158 Cf.
1693 4109 1801 4158 infr.
1833 4126 1899 4157 on
1924 4125 1949 4157 2
1977 4111 2154 4159 Thess.
2181 4111 2247 4159 iii.
2293 4126 2378 4159 12:
2417 4116 2561 4159 “non
2591 4127 2740 4174 gene-

1584 4191 1755 4239 raliter
1778 4191 1947 4240 dicens
1980 4192 2113 4255 quod
2148 4191 2232 4239 ille
2266 4192 2350 4255 qui
2384 4206 2486 4239 non
2509 4201 2742 4255 operatur

1585 4288 1687 4320 non
1711 4273 1860 4321 debet
1885 4273 2239 4322 manducare.'’

1651 4368 1728 4414 23.
1803 4353 1911 4414 uln]
1967 4354 2077 4403 The
2112 4370 2254 4403 sense
2288 4371 2448 4404 seems
2474 4364 2525 4404 to
2549 4356 2741 4420 require

1586 4432 1728 4479 unde.
