3293 5233
363 396 453 463 11.
497 416 546 474 1,
579 396 667 482 2.]
1177 410 1262 462 m
1311 410 1414 461 ΕΡ.
1460 409 1564 459 AD
1609 407 1983 460 EPHESIOS.

362 583 449 646 ad
510 603 663 647 eum
724 583 1194 666 cognationem
1254 582 1499 646 habere
1560 582 1914 659 uidentur;
1990 583 2170 646 unde
2232 591 2300 646 et
2359 576 2777 665 recapitulari

363 686 591 749 omnia
637 686 705 749 in
762 685 1027 750 Christo
1087 686 1154 747 in
1216 684 1662 767 superioribus
1722 686 1916 748 dixit.
2025 694 2218 765 super
2270 682 2492 746 omnia
2549 692 2777 747 autem

363 797 663 850 nostrum
718 808 863 851 esse
914 798 1115 870 caput
1167 788 1445 863 uidetur,
1496 796 1821 869 quantum
1875 798 1943 851 et
1991 789 2203 850 maior
2242 787 2434 850 nobis
2485 787 2572 850 ad
2622 806 2775 850 eum

364 907 454 950 ex
515 888 948 952 similitudine
1026 890 1384 952 consistere
1454 890 1719 952 uidetur
1792 887 2226 953 familiaritas,
2315 898 2384 951 et
2457 889 2775 970 quoniam

362 991 658 1054 ostendit
716 1011 962 1073 magna
1019 991 1289 1072 quidem
1350 990 1463 1054 illa
1521 1011 1695 1072 quae
1760 990 2127 1054 secundum
2206 989 2545 1055 Christum
2622 999 2779 1053 sunt
2848 1010 2881 1078 5

363 1111 571 1173 usque
630 1092 715 1155 ad
770 1112 892 1156 nos
944 1113 1103 1155 uero
1155 1091 1403 1155 exinde
1461 1092 1758 1168 extendi,
1817 1093 2103 1175 gratiam
2157 1100 2360 1174 auget
2406 1091 2637 1154 datam
2686 1110 2777 1153 ex

365 1194 637 1257 arbitrio
667 1194 1168 1276 suscipientium
1197 1217 1210 1256 :
1844 1202 1853 1211 ’

491 1356 556 1409 et
603 1368 716 1409 uos
765 1368 910 1409 cum
967 1347 1185 1409 essetis
1241 1346 1490 1410 mortui
1545 1345 1616 1409 in
1676 1345 1924 1409 delictis
1979 1355 2042 1408 et
2082 1345 2357 1428 peccatis
2406 1344 2655 1422 uestris,
2707 1344 2781 1408 in

361 1449 592 1530 quibus
619 1448 970 1531 aliqnando
997 1449 1382 1513 ambulastis
1406 1448 1749 1512 secundum
1777 1448 2096 1512 saeculum
2128 1448 2361 1512 mundi
2386 1448 2596 1513 leuius.

497 1577 570 1630 ut
610 1568 806 1644 dicat,
842 1569 942 1630 ‘in
986 1566 1110 1630 hac
1153 1577 1499 1649 praesente
1539 1566 1737 1643 uita’;
1784 1567 2078 1630 adiciens
2120 1568 2298 1630 enim
2330 1567 2457 1630 hoc
2487 1565 2782 1629 ostendit
2812 1595 2890 1643 10

364 1672 680 1753 quoniam
727 1670 1062 1734 saeculum
1109 1692 1242 1733 non
1289 1681 1657 1734 creaturam
1705 1671 1881 1745 dicit,
1937 1671 2054 1733 sed
2102 1670 2538 1752 temporalem
2586 1669 2780 1733 huius

366 1774 607 1839 saeculi
641 1776 1211 1839 conuersationem
1244 1795 1376 1857 qua
1409 1776 1697 1838 uiuimus
1730 1795 1851 1836 nos
1882 1775 1949 1836 in
1979 1772 2302 1838 homines,

493 1926 834 1988 secundum
851 1926 1209 2009 principem
1234 1927 1572 2009 potestatis
1612 1927 1788 1990 aeris
1828 1927 2117 2010 spiritus,
2146 1927 2264 2010 qui
2290 1948 2459 1991 nunc
2485 1937 2787 2011 operatur

366 2025 438 2091 in
450 2028 638 2112 filios
662 2027 1067 2110 diffidentiae.

496 2150 658 2212 dicit
687 2149 956 2231 quidem
988 2147 1346 2212 diabolum.
1436 2158 1633 2211 uocat
1663 2158 1887 2212 autem
1930 2168 2081 2212 eum
2115 2147 2475 2232 principem
2506 2157 2782 2231 potesta-
2814 2155 2885 2224 15

368 2254 457 2317 tis
481 2253 657 2317 aeris
698 2252 1016 2336 spiritus,-
1062 2273 1143 2315 eo
1187 2252 1365 2335 quod
1416 2272 1651 2315 omnes
1700 2251 2063 2315 inuisibiles
2106 2252 2385 2315 uirtutes
2431 2251 2784 2315 imminent

369 2353 738 2417 uisibilibus
783 2363 859 2418 ut
903 2363 1374 2416 commoneant
1418 2374 1514 2429 ea,
1567 2355 1933 2416 secundum
1996 2373 2420 2417 communem
2480 2352 2781 2416 omnium

369 2458 849 2521 necessitatem.
939 2464 1095 2519 sunt
1123 2466 1348 2519 autem
1391 2478 1480 2519 ex
1519 2455 1646 2519 illis
1688 2457 1801 2539 qui
1847 2466 1916 2521 et
1960 2457 2129 2520 aeris
2170 2457 2523 2521 imminent
2554 2457 2782 2533 motui,

369 2560 540 2624 inter
597 2580 765 2642 quos
824 2558 1130 2624 diabolus
1188 2567 1346 2623 erat.
1436 2558 1612 2643 unde
1673 2557 1857 2622 illum
1919 2567 1987 2623 et
2029 2557 2390 2642 principem
2447 2556 2788 2642 potestati-s·

365 2665 541 2727 aeris
587 2664 860 2747 spiritus
910 2664 1193 2728 uocauit.
1281 2662 1409 2726 hoc
1468 2672 1584 2739 est,
1640 2671 1986 2745 acceperat
2038 2664 2438 2726 mandatum
2484 2671 2560 2725 ut
2605 2662 2783 2744 prin·
2807 2678 2895 2729 20

323 2765 696 2853 'ciparetur
754 2768 904 2844 aeri,
965 2778 1034 2831 et
1106 2776 1508 2850 potestatem
1582 2765 1858 2830 haberet
1916 2785 2338 2829 commouere
2396 2785 2567 2829 eum.
2655 2763 2785 2827 hoc

473 2932 494 2965 1
533 2916 875 2981 cognitionem
898 2917 966 2966 H

369 3002 541 3052 dinem
563 3002 631 3051 H

1197 2932 1226 2980 3
1260 2922 1448 2981 quanto
1476 2917 1545 2966 C:
1578 2916 1641 2979 cs.
1665 2916 1868 2980 Bensly,
1899 2916 1970 2965 M.
2003 2916 2082 2975 F„
2109 2931 2163 2980 p.
2189 2915 2252 2978 87

822 3014 878 3049 ια
917 2996 1653 3066 quaeclinomCH(corr)
1856 3012 1917 3062 17
1953 2997 2175 3047 easCH

2493 2933 2524 2977 4
2557 2915 2785 2964 similitu-

2381 3013 2437 3047 αι
2475 2997 2662 3047 habere
2682 2998 2752 3046 H

442 3139 483 3173 1.
539 3121 860 3188 recapitulari
878 3122 1050 3171 omnia
1073 3121 1129 3171 in
1158 3122 1305 3185 Chr-J
1340 3123 1525 3187 Comp.

370 3223 418 3271 p.
455 3207 564 3265 128,
592 3206 626 3253 l.
652 3201 698 3264 6,
728 3221 799 3267 sq.
831 3204 930 3252 and
953 3211 1113 3253 notes·

1628 3135 1695 3169 on
1717 3135 1762 3169 c.
1791 3119 1825 3168 i.
1858 3133 1917 3168 10
1937 3137 1951 3179 ;
1984 3119 2086 3168 and
2107 3118 2289 3175 beloW,
2314 3134 2381 3167 on
2404 3134 2448 3168 c.
2471 3118 2539 3166 vi.
2570 3133 2645 3182 13.

1693 3216 1773 3250 20.
1842 3207 2085 3265 acceperat
2127 3200 2443 3262 mandatum]
2511 3199 2590 3250 Cf.
2638 3198 2785 3250 Th.’s

437 3288 485 3338 8.
552 3286 610 3336 in
663 3286 850 3335 delictis
903 3293 950 3334 et
1004 3286 1061 3334 in
1106 3284 1334 3349 peccatis]
1423 3284 1525 3334 Gk.

370 3369 568 3434 simply,
609 3370 708 3416 τοῖς
749 3362 1160 3428 παραπτώμασιν.
1230 3367 1296 3416 Ο.
1323 3367 1384 3415 L.
1429 3366 1529 3415 and

371 3447 542 3510 Vulg„
572 3445 812 3510 peccatis-,-
846 3444 978 3507 Aug.
1011 3441 1079 3507 (in
1115 3458 1211 3492 one
1247 3443 1424 3507 place),
1452 3444 1527 3492 de-

368 3524 509 3574 lictis.
585 3523 716 3573 Both
750 3539 911 3572 nouns
943 3538 1029 3571 are
1065 3522 1212 3586 given
1244 3522 1311 3586 by
1342 3523 1430 3572 Or.
1466 3519 1531 3555 ¹¹²*-

372 3604 643 3664 (“delictis
666 3611 712 3652 et
738 3602 954 3667 peccatis
984 3602 1164 3651 nostris
1179 3599 1250 3658 '’l,
1273 3600 1440 3649 whilst
1472 3601 1524 3650 S.

375 3686 511 3736 Basil
534 3685 655 3734 cites
688 3685 772 3733 the
809 3684 906 3734 Gk.
938 3700 992 3732 as
1025 3684 1128 3734 ταῖς
1165 3683 1417 3742 ἁμαρτίαις
1451 3682 1532 3730 καὶ

373 3769 473 3816 τοῖς
495 3768 897 3827 παραπτώμασιν.
967 3765 1027 3814 In
1052 3764 1192 3814 these
1222 3780 1357 3814 cases
1391 3780 1446 3813 as
1482 3763 1532 3811 in

374 3864 465 3897 our
487 3846 678 3903 transl„
704 3846 790 3895 the
824 3861 958 3895 error
993 3845 1034 3893 is
1068 3844 1314 3909 probably
1347 3844 1445 3893 due
1479 3852 1531 3894 to

375 3948 406 3980 a
428 3929 686 3979 confusion
709 3928 830 3977 osv.
857 3943 884 3991 5
910 3928 1032 3977 with
1057 3945 1101 3977 v.
1139 3942 1180 3976 ι.
1250 3927 1347 3976 See
1369 3928 1533 3977 below

374 4029 423 4078 p.
461 4026 568 4073 144,
593 4011 625 4059 l.
657 4023 735 4071 24.

448 4108 523 4141 11.
590 4091 834 4139 sacculum
863 4106 963 4138 non
989 4089 1292 4151 creaturam]
1348 4091 1530 4156 Comp.

376 4191 428 4240 p.
470 4186 517 4235 5,
562 4173 596 4222 1.
645 4175 702 4223 18
749 4173 899 4233 (Gk)
942 4174 1041 4221 and
1087 4190 1169 4224 see
1213 4174 1299 4224 the
1343 4191 1523 4224 comm.

379 4254 631 4321 (Origen’s
669 4253 707 4316 ?)
751 4254 803 4302 in
840 4254 1044 4304 Cramer
1079 4256 1144 4304 vi.
1189 4272 1277 4320 pp.
1321 4257 1521 4319 135—6.

379 4339 628 4392 Lansranc
671 4338 792 4386 cites
844 4338 1137 4387 “saeculum
1146 4377 1264 4388 ......
1272 4354 1532 4389 conversa·

376 4417 625 4474 tionem.’'

455 4517 523 4566 17.
599 4507 657 4550 ut
698 4507 1032 4550 commoneant
1074 4499 1151 4561 ea]
1221 4500 1317 4550 See
1354 4501 1530 4561 above,

1628 3299 1810 3333 comm.
1862 3300 1927 3333 on
1982 3285 2128 3332 Rom.
2167 3283 2272 3331 viii.
2313 3299 2388 3349 19,
2438 3282 2604 3332 where
2659 3282 2786 3332 aster

1630 3365 1842 3428 quoting
1897 3364 2029 3428 Eph.
2077 3364 2129 3413 ii.
2179 3379 2205 3415 ο
2251 3363 2317 3412 he
2361 3378 2495 3426 says:
2555 3364 2617 3412 ὡς
2668 3365 2787 3413 εἶναι

1631 3447 1781 3506 δῆλον
1825 3446 1938 3505 ἡμῖν
1980 3447 2056 3494 ὅτι
2102 3442 2210 3506 πρὸ
2256 3446 2356 3504 τῆς
2400 3442 2788 3507 παραβάσεως

1633 3529 1698 3577 εἱς
1742 3529 1849 3575 τοὺς
1893 3526 2174 3585 ἐφεστῶτας
2214 3525 2277 3586 τῇ
2312 3522 2401 3573 τοῦ
2436 3527 2570 3587 ἀέρος
2607 3527 2789 3585 κινήσει

1632 3605 1659 3655 ὀ
1693 3609 1915 3669 διάβολος
1945 3608 2206 3656 συνετέλει.
2276 3607 2347 3656 50
2378 3607 2534 3656 Thdt.
2558 3606 2696 3656 adh.
2720 3609 2788 3658 l.=

1633 3691 1803 3750 σαφῶς
1857 3687 1982 3748 ἡμᾶς
2035 3690 2247 3749 ἐδίδαξεν
2305 3689 2366 3739 ὡς
2421 3691 2578 3739 πάλαι
2631 3693 2720 3751 μὲν
2762 3689 2789 3740 ὁ

1633 3769 1857 3832 διάβολος
1910 3771 1997 3818 τοῦ
2046 3771 2181 3831 ἀέρος
2229 3769 2542 3830 ἐνεπιστεὺθη
2585 3773 2674 3831 τὴν
2717 3775 2788 3832 ἐξ·

1632 3853 1813 3900 ουσίαν.
1881 3851 2145 3901 ἐκπεσὼν
2193 3853 2251 3900 δὲ
2296 3850 2514 3910 ταύτης
2568 3854 2646 3901 διὰ
2700 3851 2791 3912 τὴν

1633 3934 1881 3991 πονηρίαν,
1928 3950 1969 3981 κ.
1988 3934 2092 3982 τ.λ.
2170 3932 2420 3983 Lansranc
2467 3933 2558 3982 has
2614 3933 2787 3984 misre-

1631 4015 1897 4078 presented
1954 4014 2097 4064 Th.’s
2146 4016 2273 4064 view
2318 4015 2385 4077 by
2428 4032 2458 4063 a
2502 4015 2693 4077 change
2737 4015 2798 4065 of

1631 4104 1804 4144 tense:
1845 4096 1947 4144 “d.
1988 4097 2278 4145 mandatum
2319 4096 2512 4160 accepit
2557 4102 2610 4144 ut
2654 4097 2788 4160 prin-

1631 4175 2250 4240 cipetur...et...habeat‚
2355 4174 2483 4224 &c.”
2604 4177 2787 4241 Comp.

1631 4258 1872 4324 Thpht.'s
1900 4267 2122 4324 protest:
2164 4255 2381 4318 ἄρχοντά
2417 4264 2565 4316 φησιν
2603 4254 2692 4320 οὐχ
2729 4260 2790 4309 ὠς

1637 4343 1723 4387 τοῦ
1741 4342 1875 4400 ἀέρος
1893 4339 2190 4402 δεσπόζοντα
2210 4339 2336 4387 ὥστε
2355 4340 2610 4398 οἰκονομεῖν
2624 4337 2788 4390 αὐτόν.

1640 4422 1822 4481 ἄπαγε·
1849 4420 1963 4469 ἀλλ’
1990 4420 2049 4470 ὠς
2072 4419 2205 4481 αὐτῷ
2222 4421 2667 4481 ἑμφιλοχωροῦντα.

1708 4519 1787 4551 21.
1824 4503 1911 4553 hoc
1933 4503 2064 4552 enim
2087 4503 2207 4552 dicit
2232 4505 2245 4527 ‘
2260 4502 2461 4568 spiritus
2477 4502 2512 4565 '1
2578 4503 2677 4555 Th.
2702 4520 2788 4571 ap·
