3293 5233
314 387 364 450 1.
399 387 665 452 20—11.
701 383 785 468 2.]
1141 397 1224 447 m
1273 396 1378 449 ΕΡ.
1425 398 1528 448 An
1573 397 1923 448 GALATAS.
2667 389 2738 457 15

308 572 484 637 latus
513 572 618 637 sui
646 589 816 653 opus
846 572 981 634 iam
1014 571 1081 634 in
1112 569 1338 634 multis
1383 578 1541 636 ante
1582 571 1996 653 expedierat.
2084 572 2181 636 sic
2213 570 2414 655 igitur
2442 589 2523 634 ea
2553 587 2728 652 quae

309 674 675 740 secundum
721 694 799 739 se
845 681 1036 738 erant
1084 673 1375 737 referens
1419 674 1757 739 destruxit
1804 675 1966 759 ipsis
2019 676 2217 739 rebus
2263 674 2377 738 illa
2423 693 2599 756 quae
2639 673 2727 737 ab

310 779 704 844 aduersariis
737 778 997 842 fuerant
1028 786 1261 841 contra
1289 799 1362 841 se
1402 778 1624 857 dicta;
1673 778 1858 842 nullo
1892 779 1958 842 in
1991 778 2140 843 loco
2170 796 2448 861 grauem
2484 797 2557 840 se
2598 776 2726 840 illis

311 879 655 956 exhibenS,
687 879 1167 943 commendans
1201 899 1359 943 uero
1389 879 1679 943 fideliter
1706 900 1788 944 ea
1817 901 1991 963 quae
2021 901 2062 945 a
2092 901 2166 945 se
2205 879 2388 944 dicta
2426 876 2726 958 fuerant3

311 1003 395 1046 eo
423 983 605 1066 quod
635 982 1081 1046 conueniebat
1111 990 1180 1046 et
1210 981 1337 1045 hoc
1368 981 1464 1046 ita
1494 982 1656 1047 fieri.
2799 988 2830 1055 5

440 1130 606 1193 quae
651 1119 866 1173 autem
915 1108 1121 1173 scribo
1178 1109 1374 1182 uobis,
1427 1130 1552 1173 ecce
1601 1108 1675 1173 in
1725 1119 2046 1192 conspectu
2089 1110 2224 1175 Dei
2256 1111 2564 1194 quoniam
2598 1130 2725 1175 non

311 1213 605 1277 mentzbr.
695 1209 922 1275 deinde
949 1210 1103 1274 ueni
1129 1211 1199 1275 in
1215 1211 1524 1293 partibus
1556 1212 1798 1294 Syriae
1822 1223 1886 1278 et
1918 1212 2199 1280 Ciliciae.

443 1339 607 1404 illud
638 1338 987 1423 perficiens
1017 1339 1199 1422 quod
1230 1339 1637 1403 conueniens
1669 1339 1798 1403 sibi
1828 1342 1994 1404 erat.'

441 1489 621 1532 eram
667 1474 885 1531 autem
943 1466 1208 1549 ignotus
1245 1466 1432 1549 facie
1509 1465 1779 1530 ecclesiis
1835 1464 2119 1531 Iudaeae
2175 1487 2338 1551 quae
2410 1478 2599 1532 erant
2654 1467 2725 1532 in

319 1570 588 1639 Christo,
2759 1576 2837 1625 10

446 1692 592 1757 uult
665 1691 885 1755 dicere
961 1690 1281 1774 quoniam
1338 1689 1506 1754 ‘illis
1559 1692 1673 1773 qui
1740 1691 1805 1755 in
1869 1691 2123 1755 Iudaea
2180 1690 2599 1755 crediderant
2658 1690 2725 1754 in

317 1796 582 1862 Christo
611 1815 732 1880 per
759 1795 989 1859 omnia
1022 1814 1204 1857 eram
1248 1794 1516 1876 ignotus
1559 1795 1926 1857 secundum
1965 1815 2292 1877 personae
2334 1793 2595 1871 uisum;
2645 1814 2727 1857 eo

313 1899 494 1980 quod
528 1906 595 1961 et
625 1906 800 1973 tunc,
834 1897 1107 1979 quando
1137 1896 1408 1959 ascendi
1445 1895 1988 1973 Hierosolimam,
2026 1899 2294 1961 Petrum
2339 1898 2477 1961 uidi
2507 1897 2725 1960 solum

313 2011 382 2067 et
428 2002 698 2066 fratrem
738 2001 1013 2064 Domini
1069 2000 1412 2075 Iacobum,
1453 1998 1663 2063 alium
1715 2009 1944 2063 autem
1986 2002 2368 2079 neminem;
2423 2022 2502 2065 eo
2543 2000 2724 2084 quod

314 2116 381 2172 et
409 2127 643 2171 omnes
672 2106 814 2169 dies
845 2104 1226 2189 quindecim
1265 2103 1734 2167 Hierosolimis
1766 2102 2036 2166 fecerim
2068 2101 2372 2168 tantum.'
2758 2102 2830 2170 15

441 2237 700 2291 tantum
756 2236 973 2291 autem
1019 2225 1354 2289 audientes
1401 2234 1594 2287 erant
1610 2245 1635 2287 .·
1689 2228 1706 2257 ‘
1728 2223 1845 2306 qui
1884 2223 2384 2305 persequebatur
2432 2243 2548 2286 nos
2602 2223 2729 2288 ali-

312 2330 580 2411 quanda,
611 2350 781 2392 nunc
814 2328 1223 2410 euangelizat
1243 2325 1472 2410 fidem,
1505 2346 1707 2408 quam
1748 2325 2103 2407 aliquando
2145 2324 2578 2408 expugnabat!
2668 2334 2734 2391 et

303 2434 762 2518 glorificabant
789 2434 859 2498 in
891 2454 994 2496 me
1019 2432 1255 2496 Deum.

277 2637 292 2650 ·
445 2560 710 2626 ‘audita
732 2560 1103 2626 didicerant
1136 2558 1248 2625 illa
1278 2580 1450 2643 quae
1481 2558 1567 2624 de
1599 2578 1710 2624 me
1740 2568 1969 2639 erant3
2002 2576 2205 2643 quam
2238 2557 2326 2623 ob
2356 2576 2626 2623 causam
2659 2565 2728 2623 et

315 2665 738 2739 mirabantur,
782 2665 974 2746 quasi
1028 2684 1206 2728 noua
1243 2671 1312 2727 et
1359 2660 1574 2745 gloria
1619 2662 1825 2744 digna
1873 2661 1987 2727 illa
2034 2683 2181 2725 esse
2229 2659 2838 2725 existimante5.’2o

312 2765 918 2849 ‘quemadmodum
981 2765 1226 2848 (inquit
1293 2764 1431 2845 ille)
1499 2764 1614 2847 qui
1675 2772 1869 2828 tanta
1926 2784 2049 2847 pro
2113 2764 2261 2846 lege
2321 2773 2552 2826 contra
2611 2782 2727 2825 eos

310 2878 626 2951 gesserat,
689 2889 864 2933 nunc
923 2889 1281 2932 conuersus
1343 2868 1664 2932 uniuersis
1724 2867 1907 2932 illam
1969 2890 2141 2952 quae
2187 2869 2253 2930 in
2309 2866 2573 2931 Christo
2626 2876 2730 2933 est

312 2973 515 3038 fidem
576 2972 962 3056 praedicat3
1041 2972 1342 3036 maxime
1403 2992 1557 3035 cum
1619 2992 1819 3035 nemo
1878 2971 2227 3035 hominum
2290 2970 2729 3054 perspiciatur

312 3080 427 3164 qui
459 3077 909 3143 conuersionis
941 3077 1084 3142 eius
1114 3088 1350 3142 auctor
1375 3098 1522 3141 esse
1554 3076 1909 3140 uideatur?
1930 3076 1943 3102 '

441 3212 671 3277 deinde
691 3222 846 3295 post
870 3211 1381 3295 quattuordecim
1422 3232 1629 3275 annos
1658 3211 1896 3275 iterum
1928 3209 2185 3275 ascendi
2219 3209 2305 3272 H
2300 3209 2726 3275 ierosolimam
2750 3216 2830 3285 25
2896 3223 2901 3228 ’

309 3336 455 3380 cum
482 3315 815 3392 Barnaba,
844 3313 1193 3378 adsumens
1221 3334 1463 3377 mecum
1492 3323 1558 3377 et
1593 3313 1840 3378 Titum.

440 3462 593 3505 curn
641 3442 776 3505 iarn
829 3440 1106 3524 longum
1159 3450 1430 3523 tempus
1482 3439 1903 3522 apostolatus
1963 3438 2066 3502 sui
2117 3438 2523 3522 expedisset,
2565 3439 2728 3521 ipsis

312 3544 505 3608 rebus
531 3565 610 3608 ac
641 3545 956 3627 operibus
987 3545 1113 3608 sibi
1145 3545 1658 3609 adtestantibus.
1735 3543 1979 3609 dicitur
2007 3542 2254 3608 deinde
2284 3552 2354 3608 et
2383 3543 2728 3627 quomodo

311 3649 683 3714 ascenderit
712 3670 727 3714 ε

438 3769 701 3834 ascendi
723 3778 942 3833 autem
969 3768 1315 3833 secundum
1347 3766 1819 3830 reuelationem.
2751 3789 2838 3855 30

438 3919 573 3981 qua
601 3898 689 3962 de
719 3918 919 3962 causa
950 3896 1361 3971 ascenderet,
1395 3895 1651 3960 euoluit
1683 3895 2024 3960 reuelati0.

413 4062 433 4096 ι
472 4047 515 4096 si
540 4047 655 4110 (for
682 4047 771 4109 sic)
797 4048 863 4097 H
1019 4067 1052 4110 4
1086 4046 1280 4097 fuerant
1308 4048 1443 4096 dicta
1465 4047 1532 4097 II
1678 4058 1705 4110 7
1741 4046 1883 4096 ciliae
1909 4047 2013 4107 (sic)
2038 4046 2105 4095 II
2266 4061 2317 4096 11
2345 4045 2659 4096 crediderunt
2687 4047 2731 4097 C

313 4145 372 4190 14
406 4129 511 4177 Iac.
535 4129 591 4178 fr.
623 4129 778 4177 Dom.
801 4129 869 4179 II
1013 4144 1077 4178 *ιο
1110 4145 1216 4178 esse
1239 4144 1316 4176 om
1340 4129 1408 4177 H
1518 4129 1581 4177 28
1614 4127 1735 4178 dicit
1758 4135 1808 4178 et
1833 4129 1948 4191 (for
1966 4128 2165 4189 dicitur)
2190 4128 2255 4177 H
2362 4143 2419 4191 3¹
2459 4144 2586 4192 quae
2608 4130 2675 4178 ll
2691 4128 2701 4193 Ι

307 4211 522 4261 reuoluit
545 4211 614 4260 H

374 4350 419 4384 ⁴2.
498 4333 741 4382 destruxit
780 4334 901 4397 ipsis
945 4334 1082 4381 rebus
1127 4332 1241 4394 &c.]
1307 4332 1463 4381 Thdt.
1637 4346 1665 4380 2
1672 4345 1716 4394 5.
1765 4348 1856 4380 asc.
1888 4331 2289 4391 Hisrosolimam]
2315 4331 2391 4380 Cf.
2414 4347 2462 4396 p.
2490 4347 2561 4395 14,
2584 4333 2619 4381 l.
2642 4349 2724 4395 14:

308 4417 464 4466 ταῦτα
499 4414 662 4466 πάντα
699 4411 817 4477 πρός
848 4417 939 4477 τὴν
972 4417 1158 4466 ἐκείνων
1195 4416 1333 4476 λέγει
1370 4415 1468 4464 δια·
1570 4430 1664 4462 asc.
1684 4413 2038 4462 Hierosolimis.
2096 4412 2209 4460 The
2228 4428 2365 4461 same
2387 4413 2622 4476 diversity
2645 4430 2725 4464 oc-

306 4495 474 4558 βολάς.
1572 4509 1684 4544 curs
1706 4495 1758 4545 in
1784 4494 1927 4544 Mart.
1959 4509 2039 4543 xx.
2073 4505 2145 4555 17,
2182 4493 2237 4544 18
2263 4495 2410 4556 (Cod.
2437 4495 2670 4556 Annam.
