3293 5233
358 427 435 492 V.
482 429 776 515 10—13.]
1180 442 1264 493 m
1314 442 1419 494 ΕΡ.
1464 441 1567 493 AD
1614 440 1985 494 EPHEsms.
2661 439 2782 509 179

468 610 820 695 probantes
847 611 1014 696 quid
1034 611 1128 676 sit
1148 609 1601 694 beneplacitum
1623 610 1912 676 Domino
1928 634 1959 686 ,⁰
2003 621 2067 675 et
2097 611 2288 676 nolite
2314 610 2780 675 communicare

353 713 643 794 operibus
684 713 1108 797 infructuosis
1150 713 1573 790 tenebrarum,
1604 713 1822 798 magis
1846 723 2062 778 autem
2091 723 2154 777 et
2181 713 2567 796 redarguite.

488 842 748 901 ‘curam
789 838 987 921 igitur
1019 839 1233 920 magis
1263 838 1580 902 adhibere
1625 838 1887 903 illorum
1931 858 2102 921 quae
2145 837 2413 921 placent
2462 837 2777 912 Domin0,

357 935 518 998 nihil
572 938 987 1019 perficientes
1037 940 1168 1004 tale
1216 940 1414 1023 quale
1466 949 1535 1004 et
1586 940 1680 1004 illi
1728 940 1842 1023 qui
1899 939 2121 1003 Deum
2176 940 2495 1003 nesciunt.
2583 939 2778 1002 decet

356 1040 534 1102 enim
568 1062 687 1104 uos
728 1043 822 1105 sic
859 1062 899 1105 a
937 1053 1211 1124 peccato
1258 1044 1474 1107 modis
1510 1044 1822 1108 omnibus
1862 1046 2089 1120 auerti,
2127 1044 2219 1108 ita
2255 1053 2328 1108 ut
2359 1053 2427 1108 et
2458 1043 2570 1107 illa
2604 1063 2778 1125 quae
2850 1064 2883 1132 5

355 1144 734 1211 huiusmodi
788 1147 875 1210 ab
935 1146 1079 1210 aliis
1140 1146 1309 1210 fiunt
1369 1149 1678 1229 arguatiS,
1739 1149 1828 1212 ob
1893 1149 2249 1213 utilitatem
2310 1143 2772 1211 communem.’

356 1247 449 1310 sic
510 1257 577 1311 et
636 1249 721 1312 ad
784 1249 1214 1313 Timotheum
1276 1251 1519 1326 scribit,
1585 1250 1814 1313 dicens
1886 1270 1988 1312 eos
2058 1249 2177 1331 qui
2230 1259 2493 1331 peccant
2561 1268 2774 1310 coram

356 1353 652 1417 omnibus
679 1372 969 1435 arguere,
1001 1363 1076 1416 ut
1101 1362 1164 1416 et
1188 1353 1379 1416 ceteri
1406 1352 1701 1417 timorem
1731 1351 2021 1416 habeant.

487 1465 554 1517 et
585 1455 943 1517 ostendens
974 1454 1196 1536 qualia
1227 1463 1380 1518 sunt
1410 1475 1583 1536 quae
1612 1455 1699 1518 ab
1731 1454 1858 1517 illis
1889 1453 2175 1518 fiebant:

486 1609 647 1671 quae
675 1589 846 1652 enim
879 1588 949 1652 in
978 1589 1205 1652 occulto
1215 1588 1405 1672 fiunt
1429 1590 1513 1653 ab
1543 1590 1694 1665 illis,
1727 1600 1908 1673 turpe
1935 1599 2030 1653 est
2054 1598 2118 1652 et
2144 1589 2361 1652 dicere.

486 1732 640 1794 dein
673 1732 851 1814 quod
884 1732 1077 1807 dixit,
1109 1732 1323 1815 magis
1348 1740 1562 1795 autem
1608 1742 1673 1795 et
1714 1730 1988 1813 arguite,
2019 1732 2378 1795 ostendens
2429 1730 2635 1812 ipsius
2683 1729 2774 1793 rei

359 1831 733 1908 utilitatem,
764 1834 1005 1897 adiecit
1030 1856 1043 1895 ε

485 1985 705 2048 omnia
733 1986 901 2049 enim
933 1985 1090 2048 dum
1120 1994 1513 2068 arguuntur,
1542 2006 1585 2047 a
1615 1985 1862 2049 lumine
1890 1985 2418 2067 manifestantur.

490 2132 644 2176 nam
677 2113 835 2176 dum
872 2113 1042 2175 illius
1075 2124 1260 2176 actus
1291 2112 1402 2194 qui
1435 2112 1733 2194 arguitur
1762 2110 1930 2175 fiunt
1955 2109 2306 2186 manifesti,
2331 2109 2547 2171 sciunt
2571 2107 2772 2170 etiam

358 2213 625 2278 alterius
673 2218 1011 2298 corrigere.

1100 2217 1352 2279 dictum
1404 2227 1504 2280 est
1551 2226 1776 2279 autern
1830 2216 1917 2279 ab
1965 2215 2270 2298 apostolo
2320 2236 2453 2278 non
2505 2216 2774 2297 integre,
2812 2228 2879 2295 15

357 2318 536 2381 dixit
595 2320 772 2383 enim
834 2320 993 2383 nihil
1045 2320 1328 2403 amplius
1382 2321 1505 2383 nisi
1559 2322 1716 2403 quia
1775 2321 2337 2402 manifestantur,·
2402 2320 2561 2383 illud
2617 2341 2774 2383 uero

357 2425 547 2505 quod‘
580 2427 977 2507 sequebatur
1022 2425 1284 2488 silentio
1331 2426 1619 2499 tradidit,
1666 2445 1746 2487 eo
1790 2426 1970 2506 quod
2019 2433 2243 2507 posset
2291 2423 2435 2505 ipsa
2467 2424 2775 2487 manifes-

358 2526 524 2588 tatio
573 2528 905 2591 adiuuare.

1018 2528 1235 2589 omnis
1296 2529 1473 2590 enim
1534 2528 1936 2609 quicumque
1987 2536 2102 2601 est,
2157 2526 2265 2589 ille
2324 2546 2520 2609 super
2579 2545 2772 2588 suum

356 2627 671 2689 delictum
705 2629 1157 2691 confusionem
1191 2631 1478 2711 patietur
1514 2640 1673 2692 tunc
1712 2630 1983 2710 quando
2029 2630 2169 2693 eius
2214 2628 2530 2692 delictum
2582 2628 2775 2692 fuerit

360 2731 873 2796 manifestatum.
962 2733 1203 2794 deinde
1235 2734 1476 2795 adiecit
1502 2757 1514 2795 :

485 2901 667 2942 omne
712 2880 885 2961 quod
923 2881 1402 2962 ntanifcstatur,
1449 2882 1662 2945 lumen
1705 2891 1812 2946 est.

461 3077 479 3110 1
519 3061 736 3124 probans
766 3062 808 3109 C
830 3061 891 3109 H

360 3222 511 3271 adicit
542 3224 585 3271 C

433 3411 450 3442 1
462 3427 473 3438 .
549 3393 834 3456 probantes]

942 3395 1036 3443 See
1107 3411 1183 3443 vv.
1260 3394 1310 3443 ll.
1408 3394 1518 3443 The

1105 3077 1131 3109 2
1167 3077 1250 3123 op.
1278 3061 1472 3109 insmct.
1498 3078 1573 3109 om
1596 3062 1660 3109 H

363 3140 441 3190 C*
629 3157 687 3191 10
722 3142 877 3205 inquit
905 3141 1001 3202 (ast
1022 3142 1172 3203 enim)
1197 3144 1301 3190 add
1323 3145 1367 3190 C
1388 3142 1534 3206 (corr)

1866 3077 1893 3123 3
1928 3061 2164 3109 adhibete
2193 3062 2235 3108 C
2259 3058 2403 3123 (corr)
2433 3058 2440 3121 Ι
2474 3059 2771 3122 illorumque

1697 3156 1750 3192 η
1787 3143 1940 3191 adicit
1984 3143 2028 3189 C
2191 3157 2252 3191 20
2284 3141 2598 3189 manifestum
2630 3139 2703 3186 C‘
2737 3138 2747 3203 Ι

1594 3394 1774 3458 sestati
1802 3392 1898 3455 (for
1932 3393 2285 3457 manifestata).
2354 3395 2433 3441 Eo
2464 3393 2597 3456 quod
2614 3400 2773 3456 posset

360 3478 543 3525 scribes
584 3493 711 3525 were
750 3477 925 3525 misled
971 3479 1037 3541 by
1075 3478 1158 3525 the
1198 3477 1372 3526 notion
1410 3478 1517 3526 that
1610 3477 1653 3524 is
1692 3476 1922 3540 replaced
1955 3476 2020 3537 by
2055 3474 2140 3523 the
2167 3474 2323 3522 easier
2356 3473 2414 3522 id
2441 3473 2613 3521 scilicet
2648 3475 2779 3536 quod

362 3560 446 3608 the
470 3561 631 3607 words
646 3560 1071 3622 proh—Domino
1105 3560 1292 3607 formed
1328 3566 1437 3623 part
1466 3558 1524 3606 of
1602 3558 1767 3620 possit.
1824 3556 1987 3603 Enim
2015 3555 2111 3613 (for
2132 3555 2316 3613 autem)
2344 3554 2383 3601 is
2405 3554 2553 3617 given
2577 3554 2683 3602 also
2708 3554 2771 3617 by

364 3643 446 3690 the
475 3651 742 3691 comment.
814 3644 887 3690 As
920 3643 1040 3691 such
1077 3642 1126 3691 in
1163 3643 1259 3691 fact
1296 3643 1412 3704 they
1435 3657 1519 3690 are

362 3725 559 3788 printed
584 3726 647 3788 by
674 3727 819 3774 Card.
855 3725 1002 3773 Pitra.

430 3820 471 3869 7.
544 3824 615 3856 eos
656 3810 748 3871 qui
780 3807 1005 3871 peccant]
1101 3807 1182 3856 Cs.
1231 3821 1250 3854 1
1297 3807 1428 3855 Tim.
1466 3824 1510 3856 v.

364 3905 443 3946 20,
470 3892 633 3939 where
664 3891 761 3938 Th.
787 3891 1033 3939 remarks:
1075 3896 1212 3940 “nec
1246 3890 1378 3938 enim
1415 3900 1518 3937 erat

361 3970 689 4019 necessarium
712 3979 766 4018 ut
792 3970 886 4019 hoc
910 3972 978 4018 ita
1004 3971 1158 4021 fieret.
1187 3970 1281 4019 nisi
1305 3970 1372 4017 ob
1397 3969 1518 4017 alio-

366 4066 472 4098 rum
507 4049 642 4098 fieret
677 4049 1117 4098 emendationem‘’
1155 4050 1327 4113 (citing
1369 4050 1516 4097 Man.

363 4131 496 4179 xviii.
534 4133 627 4192 ¹5)-

438 4228 510 4276 13.
577 4214 746 4261 omnia
788 4212 1310 4272 em’m...occultantur]
1373 4213 1520 4262 Cited

365 4296 432 4358 by
457 4295 719 4353 lanfranc,
748 4295 836 4343 but
860 4295 1047 4356 loosely
1073 4295 1168 4342 and
1195 4295 1312 4343 with
1332 4295 1520 4342 several

365 4375 573 4424 obvious
596 4391 769 4431 errors,
795 4376 1015 4439 possibly
1039 4375 1134 4422 due
1165 4384 1219 4423 to
1247 4375 1331 4423 the
1362 4375 1523 4423 editor

365 4474 421 4506 or
444 4458 519 4506 his
545 4459 680 4514 MS„
706 4474 817 4521 e.g.,
844 4465 1070 4520 aguntur
1091 4458 1183 4522 (for
1204 4462 1355 4522 arga),
1383 4459 1528 4506 aliud

364 4548 524 4587 autem
563 4540 733 4588 retulit
765 4539 861 4597 (for
896 4539 968 4586 ad
1002 4539 1144 4593 illud,
1182 4540 1312 4598 δια),
1359 4539 1520 4588 mani·

1616 3640 1730 3688 Iren
1756 3676 1769 3698 ,
1799 3640 1931 3701 Aug.

1681 3737 1762 3770 21.
1830 3736 1971 3768 omne
1990 3719 2122 3783 quod
2149 3718 2511 3782 manifestatur,
2536 3719 2572 3766 l.
2596 3736 2631 3769 e.
2660 3718 2776 3778 δῖα]

1614 3804 1712 3852 Th.
1741 3819 1897 3851 seems
1919 3803 2037 3851 here
2062 3811 2115 3850 to
2146 3802 2321 3865 depart
2355 3800 2480 3851 from
2516 3802 2600 3850 the
2633 3818 2774 3851 sense

1617 3883 1780 3931 which
1806 3884 1867 3931 he
1892 3883 1991 3931 had
2015 3882 2247 3945 assigned
2282 3890 2334 3930 to
2368 3883 2691 3942 φανεροῦσθαι
2724 3882 2774 3929 in

1616 3966 1701 4014 the
1726 3966 1954 4029 previous
1978 3979 2133 4011 verse.
2176 3963 2340 4011 There
2364 3962 2399 4010 it
2421 3963 2460 4010 is
2476 3963 2773 4024 interpreted

1618 4058 1671 4096 to
1705 4064 1852 4097 mean
1885 4048 1948 4096 εἰς
1982 4047 2190 4106 φανερὸν
2222 4044 2578 4099 ἐλθεῖν-ἢθη,
2616 4045 2668 4092 ἐν
2707 4043 2779 4104 τῷ

1618 4131 1812 4191 φανερῷ
1832 4131 2060 4189 ’γενέσθαι
2117 4129 2199 4176 He
2224 4137 2457 4175 connects
2481 4128 2580 4174 πᾶν
2604 4127 2721 4188 [γὰρ
2734 4127 2777 4187 Ρ]

1620 4218 1738 4272 φαν.
1764 4220 1849 4260 not
1874 4211 1992 4259 with
2020 4211 2307 4270 φανεροῦται
2333 4208 2399 4270 (ν.
2426 4211 2520 4272 13),
2544 4209 2633 4258 but
2655 4210 2776 4258 with

1620 4296 1689 4354 μὴ
1712 4295 2087 4356 συγκοινωνεῖτε,
2112 4295 2259 4340 κ.τ.λ.
2287 4290 2350 4355 (v.
2385 4290 2489 4355 11);
2527 4292 2677 4340 ‘have
2711 4308 2778 4340 no

1622 4377 1941 4427 communion
1965 4376 2085 4425 with
2116 4375 2202 4424 the
2236 4375 2400 4422 works
2433 4374 2491 4422 of
2518 4374 2773 4426 darkness.

1622 4460 1713 4508 but
1737 4475 1801 4507 on
1827 4459 1910 4507 the
1934 4470 2164 4520 contrary
2193 4456 2404 4519 practise
2433 4455 2516 4505 the
2542 4456 2706 4504 works
2729 4455 2786 4504 os

1623 4540 1766 4603 light,
1796 4540 1825 4588 i.
1842 4555 1903 4597 e.,
1933 4538 2000 4586 all
2025 4538 2145 4586 such
2171 4538 2333 4584 works
2358 4553 2411 4585 as
2443 4538 2509 4585 do
2539 4547 2626 4585 not
2652 4536 2778 4583 shun

2401 4650 2600 4695 12—2

2812 1609 2888 1657 10

2804 2753 2888 2800 20
