3293 5233
581 378 710 457 284
1237 375 1694 441 ‘rnssononus
1741 387 2324 441 mopsuestenus
2663 376 2781 459 [11.
2816 387 3006 456 4—7.

583 559 799 624 multa
849 561 1209 643 prudentia
1259 560 1602 625 institutos
1650 580 1795 625 esse
1841 580 1960 643 per
2005 559 2345 625 Christum
2392 579 2515 642 pro
2560 569 2788 624 nostra
2832 559 3010 625 utili-

582 670 740 738 tate,
791 663 949 744 quia
1007 682 1183 725 nunc
1245 663 1517 745 quidem
1567 673 1726 727 sunt
1771 663 2020 739 incerti,
2069 663 2474 726 uidebuntur
2530 673 2756 727 autem
2822 669 3007 740 tunc,

585 785 738 829 cum
771 767 1153 849 adparuerit
1184 776 1252 830 et
1282 765 1483 849 ipse*
2190 827 2198 836 ,

692 862 984 933 ⁴edicens
1037 890 1321 952 agonem
1376 889 1573 952 quem
1622 866 1827 933 habet
1874 888 1996 952 pro
2041 868 2190 946 illis,
2222 868 2500 933 adiecit:

525 1040 555 1107 5
714 1022 827 1086 lzoc
851 1021 1005 1100 dice,
1036 1032 1112 1085 ut
1140 1043 1217 1085 ne
1244 1022 1391 1105 quis
1420 1044 1532 1087 uos
1555 1023 2025 1087 circumueniat
2054 1022 2124 1086 in
2154 1023 2444 1088 uersutia
2475 1024 2832 1090 uerborum.

718 1158 880 1240 quid
912 1167 1013 1221 est
1044 1168 1268 1222 autem
1298 1158 1412 1222 hoc
1437 1158 1575 1222 dico
1595 1158 1630 1221 ?
1675 1164 1777 1222 ‘et
1807 1179 1939 1240 qua
1962 1159 2217 1222 ratione
2245 1158 2424 1223 hunc
2452 1160 2670 1223 habeo
2700 1161 2786 1223 de
2816 1158 3010 1223 uobis

589 1258 923 1340 agonem?
1011 1260 1216 1324 timeo
1247 1262 1442 1337 enirn,
1488 1282 1572 1324 ne
1609 1263 1880 1343 quando
1916 1261 2434 1324 mutabilitatem
2478 1261 2769 1345 aliquam
2815 1262 3013 1325 susti-

591 1360 805 1423 neatis
864 1361 1246 1425 suasoribus
1307 1363 1745 1427 intendentes.
1853 1374 2013 1427 tunc
2074 1364 2251 1426 enIm
2320 1356 2639 1444 poteritiS,
2710 1373 2785 1427 ut
2843 1362 3010 1440 dixi,

592 1461 865 1542 adsequi
936 1463 1129 1525 uobis
1197 1466 1539 1546 promissa,
1598 1466 1869 1548 quando
1929 1465 2417 1547 permanseritis
2477 1486 2633 1548 erga
2692 1465 3013 1547 pietatem

491 1582 568 1629 10
593 1562 797 1627 firmi.'
886 1574 954 1628 et
1005 1567 1361 1629 ostendens
1413 1569 1731 1650 quoniam
1783 1578 1852 1632 et
1898 1567 2193 1632 laetitiae
2245 1567 2507 1633 illorum
2561 1571 3012 1653 participatur,

592 1665 648 1727 si
679 1665 850 1729 bene
879 1686 950 1729 se
981 1665 1095 1730 illa
1124 1689 1296 1750 quae
1327 1689 1483 1751 erga
1515 1668 1661 1732 illos
1692 1681 1849 1734 sunt
1878 1670 2271 1736 habuerint:

721 1818 788 1883 si
827 1820 999 1884 enim
1037 1831 1101 1884 et
1142 1842 1333 1885 carne
1371 1823 1595 1887 absens
1633 1843 1799 1899 sum,
1835 1822 1953 1887 sed
1983 1822 2221 1905 spiritu
2261 1823 2596 1900 uobiscum,
2631 1825 2928 1908 gaudens
2954 1837 3021 1890 et

593 1921 821 1986 uidens
849 1933 1135 1985 uestrum
1164 1923 1455 1987 ordinem
1483 1934 1546 1988 et
1553 1923 2054 2007 firmamentum
2067 1924 2240 2008 fidei
2264 1947 2424 2008 quae
2454 1925 2524 1988 in
2557 1926 2816 1992 Christo
2842 1939 2953 1997 est.

728 2062 742 2087 ‘
762 2056 915 2119 licet
945 2056 1185 2120 absens
1216 2057 1361 2132 sim,
1391 2059 1508 2123 sed
1535 2060 1878 2123 uobiscum
1912 2080 2057 2124 sum
2091 2061 2328 2125 affectu
2361 2063 2585 2140 animi,
2613 2064 2914 2145 gaudens
2945 2065 3014 2129 in

494 2181 565 2249 15
598 2161 809 2240 uobiS,
870 2161 925 2223 si
974 2170 1199 2224 tamen
1254 2161 1445 2224 firmo
1505 2164 1800 2246 cogitatu
1855 2164 1921 2226 in
1974 2163 2218 2228 Christi
2271 2164 2403 2228 fide
2450 2186 2840 2248 permanere
2897 2189 3014 2231 uo-

598 2263 883 2330 lueritis!
976 2275 1044 2329 et
1076 2264 1247 2328 ultra
1277 2267 1508 2348 incipit
1539 2267 2076 2330 exhortationem
2107 2267 2321 2331 facere
2351 2269 2732 2335 euidenter:

725 2415 894 2480 sicut
922 2438 1071 2500 ergo
1109 2418 1429 2501 accepistis
1475 2417 1806 2483 Christum
1842 2419 2057 2482 Iesum
2101 2418 2476 2496 Dominum,
2518 2419 2589 2483 in
2630 2421 2760 2503 ipso
2792 2423 3016 2487 ambu-

598 2516 738 2593 late,
786 2519 1071 2582 radicati
1108 2529 1171 2582 et
1208 2521 1722 2604 superaedificati
1764 2521 1832 2583 in
1881 2521 2023 2603 ipsa,
2056 2531 2119 2584 et
2157 2522 2526 2604 confirmati
2559 2522 2628 2585 in
2656 2521 2811 2605 fide,
2852 2523 3021 2588 sicut

599 2620 768 2684 docti
792 2622 958 2699 estis,
990 2623 1389 2686 abzcndantes
1419 2624 1489 2686 in
1518 2645 1592 2686 ea
1624 2623 1695 2686 in
1719 2625 2104 2706 gratiarum
2134 2625 2453 2689 actionem.

496 2888 581 2936 20
604 2866 859 2943 πολλῆς
914 2863 1453 2949 κατορθωθέντων
1497 2865 1814 2933 συνέσεως
1860 2863 1966 2929 διὰ
2016 2868 2130 2964 τοᾷ
2165 2866 2466 2951 Χριστοῦ
2503 2862 2663 2950 ὑπὲρ
2704 2867 2817 2945 τῆς·
2859 2860 3016 2945 ἦμε-

605 2968 792 3055 τέρας
823 2967 1189 3054 εὐεργεσίας
1235 2973 1344 3036 νῦν
1372 2970 1489 3053 μὲν
1529 2969 1732 3037 ὄντων
1755 2966 2029 3049 ἀδήλων,
2064 2968 2530 3056 φανησομὲνων
2560 2967 2628 3033 δὲ
2658 2966 2803 3034 τότε
2832 2968 3017 3037 ’ὅποτ’

607 3072 688 3137 ἂν
719 3074 1031 3158 φαίνῃται
1061 3072 1171 3137 καὶ
1205 3071 1413 3142 αὐτός.

704 3261 731 3294 2
768 3245 853 3309 qui
892 3242 1008 3307 (sor
1039 3242 1175 3307 quia)
1222 3242 1265 3291 C
1284 3257 1316 3290 r
1539 3257 1570 3302 4
1604 3241 2050 3291 edicens—adiecit
2085 3256 2162 3289 om
2203 3241 2268 3302 rl
2296 3241 2448 3291 adicit
2486 3242 2530 3291 C
2726 3259 2778 3292 τι
2817 3244 2887 3294 ait
2923 3247 3023 3310 (aft

605 3327 748 3386 hab.)
787 3341 818 3373 r
1134 3339 1188 3372 12
1226 3338 1422 3373 carnem
1452 3322 1520 3371 C*
1547 3340 1579 3371 r
1891 3338 1947 3384 14
1980 3339 2090 3370 sum
2126 3339 2203 3370 om
2240 3322 2306 3371 H
2605 3339 2662 3386 ¹5
2698 3324 2899 3375 Christo
2941 3327 3014 3376 C*

611 3423 668 3473 19
703 3407 1046 3457 habundanter
1073 3406 1117 3455 C
1134 3405 1202 3454 H
1389 3419 1449 3454 22
1486 3405 1708 3466 φαίνεται
1731 3405 1818 3453 Cr.
1845 3405 1925 3454 Fr.
1948 3423 1960 3454 ι
1996 3411 2068 3453 txt
2093 3405 2204 3454 cod.

672 3584 721 3630 5.
804 3565 1180 3627 circumveniat]
1261 3568 1331 3617 So
1366 3564 1431 3615 O.
1457 3566 1549 3626 L.;
1587 3565 1757 3629 Vulg.,
1860 3562 2133 3625 ὑπάγεσθαι
2154 3564 2334 3625 λόγοις.

612 3647 932 3713 “decipiat.'’
998 3649 1067 3696 ln
1113 3647 1337 3695 uersutia
1380 3647 1638 3695 ua‘borum
1685 3646 1757 3705 (ἐν
1931 3659 2001 3695 12.
2075 3645 2123 3693 si
2148 3645 2282 3693 enim
2316 3650 2364 3693 et
2395 3645 2561 3707 carne]
2628 3647 2670 3693 εἰ
2703 3646 2801 3708 γὰρ
2836 3648 2918 3696 καὶ
2954 3647 3024 3710 τῇ

608 3729 982 3790 πιθανολογὶίῑΒ
1039 3728 1105 3778 Ο.
1146 3730 1205 3777 L.
1245 3728 1344 3776 and
1397 3727 1526 3776 Cod.
1568 3727 1757 3775 Amiat.
1860 3726 2017 3787 σαρκί.
2086 3725 2196 3775 The
2225 3726 2374 3774 Latin
2402 3726 2623 3776 v'ersions
2650 3744 2788 3779 more
2819 3732 3018 3796 exactly

612 3813 716 3861 “in
771 3811 1043 3861 subtilitate
1099 3806 1376 3872 (Vulg.⁰¹⁶¹¹²·
1435 3804 1759 3867 sublimitate)
1860 3806 2053 3865 render,
2081 3821 2200 3853 nam
2223 3807 2315 3854 etsi
2334 3814 2534 3869 corpore.

606 3890 942 3944 sennonum.”
993 3892 1259 3949 Ten-,⁴⁴in
1284 3883 1760 3952 subtililoquentia.'’
1932 3900 2004 3948 15.
2078 3888 2312 3950 cogitatu]
2381 3888 2600 3948 R'onsch,
2636 3890 2787 3947 Itala,
2822 3907 2873 3955 p.
2900 3894 3016 3954 308.

665 3975 719 4025 6.
798 3974 926 4039 quid
952 3982 1021 4023 est
1053 3981 1217 4022 autem
1249 3974 1355 4020 ‘hoc
1385 3969 1571 4031 dico’?]
1611 3969 1762 4016 Τοῦτο
1932 3982 2007 4033 19.
2073 3967 2200 4015 docti
2250 3968 2384 4030 estis]
2469 3969 2772 4030 ἐδιδάχθητε.
2841 3971 2907 4020 Ο.
2953 3973 3016 4020 L.

607 4061 740 4121 λέγω
760 4056 876 4121 (Th.
896 4054 1082 4120 means)
1103 4054 1247 4104 looks
1264 4053 1394 4104 back
1410 4062 1464 4101 to
1482 4053 1566 4100 the
1587 4058 1762 4113 strong
1860 4051 1962 4099 and
2010 4051 2180 4115 Vulg.‚
2241 4052 2586 4103 “didicistis.”
2656 4055 2751 4102 Ab.
2810 4056 2868 4105 in
2922 4074 2980 4106 ea
2997 4077 3020 4116 ,-

608 4140 847 4192 assertion
870 4139 929 4187 os
945 4156 989 4187 v.
1023 4153 1041 4186 1
1072 4137 1235 4195 ἡλίκον
1266 4137 1431 4196 ἀγῶνα
1461 4137 1574 4195 ἔχω,
1609 4136 1758 4182 κ.τ.λ.
1861 4130 2225 4192 περισσεύοντες
2246 4134 2298 4181 ἐν
2324 4131 2460 4193 αὐτῇ.
2520 4134 2590 4183 So
2610 4134 2806 4198 Chrys„
2835 4135 3011 4197 Thdt.,

610 4222 659 4271 It
689 4236 790 4270 was
820 4218 981 4269 called
1008 4218 1156 4276 forth,
1185 4217 1268 4266 the
1296 4216 1506 4280 Apostle
1538 4232 1665 4278 says,
1694 4216 1761 4279 by
1861 4213 2037 4272 Dam.‚
2061 4214 2203 4275 Oec„
2231 4216 2420 4280 Thpht.
2447 4214 2707 4280 Vulg.⁰¹⁰¹¹²·
2735 4222 2765 4243 ⁴·
2782 4217 2834 4265 in
2860 4218 2948 4267 illo
2965 4218 3018 4279 ”3

610 4303 686 4351 his
724 4302 824 4349 sear
865 4299 938 4347 for
978 4299 1061 4348 the
1106 4298 1326 4360 stability
1358 4297 1415 4344 of
1453 4297 1582 4346 their
1616 4297 1759 4346 saith.
1860 4295 2012 4358 Aug..
2047 4312 2101 4345 as
2132 4297 2307 4347 above.
2388 4298 2527 4359 Ain„
2567 4299 2733 4359 Fuld.,
2772 4300 2895 4349 omit
2931 4301 3020 4351 the

611 4385 690 4435 Cf.
741 4383 933 4432 Thdt.:
990 4384 1171 4432 τούτοις
1224 4383 1275 4429 δὲ
1330 4381 1611 4442 ἐχρησάμην
1662 4383 1761 4431 τοῖς
1860 4393 2104 4441 pronoun.

611 4461 772 4522 λόγοις
796 4459 1091 4520 παρακαλῶν
1121 4453 1237 4516 ὑμᾶς
1263 4459 1360 4507 τοῖς
1393 4456 1662 4517 ἀπατηλοῖς
1691 4462 1760 4518 μὴ
