3293 5233
573 339 652 416 38
1229 349 1683 399 THEODORUS
1732 349 2313 400 MOPSUESTENUs
2728 336 2882 419 [ΙΙΙ.
2916 355 2974 414 4

567 520 751 585 illam
799 521 1021 584 uiuere
1068 520 1295 583 uitam.
1386 519 1564 582 unde
1613 527 1681 583 et
1730 519 2119 601 ‘primitias’
2168 532 2365 584 uocat
2416 521 2602 585 illum
2649 521 2971 604 Spiritum

568 624 682 707 qui
736 644 911 687 nunc
973 623 1164 686 nobis
1220 622 1345 686 sed
1406 623 1473 685 in
1521 643 1641 705 spe
1696 623 2006 686 tribuitur
2054 623 2441 689 futurorum.
2534 646 2708 707 quae
2756 626 2975 688 futura

566 727 771 789 etiam
824 733 892 788 et
958 725 1415 807 percipiemuS‚
1473 725 1840 807 perfectam
1905 724 2193 807 Spiritus
2254 726 2465 789 sancti
2540 727 2975 809 suscipientes

567 829 1114 910 inoperationem,
1160 828 1330 891 sicut
1380 836 1448 891 et
1495 830 1637 910 ipse
1684 829 2031 910 apostolus
2078 828 2275 891 dicit:
2319 850 2444 891 non
2488 830 2696 892 solum
2743 838 2975 903 autem,

507 940 537 1005 5
565 930 682 992 sed
722 940 786 993 et
822 929 950 1011 ipsi
975 930 1325 1011 primitias
1371 931 1667 1012 Spiritus
1698 931 2010 1007 habenteS,
2045 940 2107 993 et
2148 952 2263 993 nos
2307 931 2442 1012 ipsi
2483 930 2554 993 in
2598 930 2782 993 nobis
2821 930 2978 1011 ipsis

570 1031 1065 1114 ingemiscimus,
1139 1033 1446 1116 filiorum
1529 1032 1927 1113 adoptionem
2015 1043 2413 1115 expectantes,
2493 1033 2976 1115 redemptionem

566 1136 846 1217 corporis
891 1136 1113 1199 nostri.
1206 1136 1332 1200 hoc
1393 1156 1551 1219 ergo
1599 1136 1807 1200 dicit:
1872 1137 1998 1199 ‘sic
2059 1136 2375 1200 insensati
2422 1137 2598 1213 estis,
2638 1145 2711 1200 ut
2764 1156 2977 1219 neque

569 1237 736 1301 scire
787 1240 1055 1320 possitis
1109 1239 1175 1301 in
1237 1226 1521 1321 quorum
1590 1238 1911 1321 exemplo
1974 1239 2264 1321 Spiritus
2318 1248 2588 1303 sanctus
2649 1239 2736 1302 sit
2792 1240 2981 1302 uobis

569 1343 788 1419 datus,
847 1342 967 1406 sed
1043 1343 1371 1406 recurritis
1444 1344 1683 1406 iterum
1744 1364 1787 1408 a
1846 1344 2231 1406 melioribus
2304 1343 2392 1406 ad
2452 1343 2822 1418 deteriora;
2910 1350 2976 1405 et

470 1443 1077 1528 10†suscipientes
1129 1444 1453 1528 Spiritum
1507 1456 1813 1509 sanctum
1869 1446 1935 1508 in
1986 1466 2102 1527 spe
2156 1445 2667 1522 inmortalitatiS,
2711 1444 2979 1527 quando

572 1558 638 1611 et
680 1569 801 1631 per
838 1551 1124 1631 gratiam
1166 1551 1254 1614 ab
1296 1551 1478 1614 omni
1526 1553 1769 1614 erimus
1819 1553 2121 1615 extranei
2167 1560 2461 1634 peccatO,
2508 1552 2744 1615 iterum
2790 1551 2976 1633 quasi

572 1651 886 1716 mortales
917 1652 1192 1735 quidam
1226 1662 1293 1716 et
1328 1674 1535 1736 usque
1564 1653 1651 1716 ad
1694 1664 2113 1735 praesentem
2156 1656 2362 1718 uitam
2403 1664 2624 1719 totum
2666 1654 2979 1718 definien-

570 1764 688 1834 teS,
720 1758 844 1821 sub
877 1757 1040 1841 legis
1072 1760 1444 1823 custodiam
1479 1782 1598 1824 uos
1631 1762 1810 1843 ipsos
1841 1763 2056 1826 facere
2090 1763 2288 1826 uultis
2311 1764 2334 1827 ?
2357 1761 2422 1800 '³⁸⁵

700 1863 947 1926 deinde
1025 1864 1390 1945 interponit
1468 1864 1643 1927 inter
1711 1866 1969 1928 medias
2042 1860 2472 1948 probationes
2562 1864 2726 1928 illud
2800 1864 2981 1947 quod

468 1978 537 2044 15
571 1967 865 2028 maxime
896 1985 1011 2028 eos
1043 1974 1307 2047 poterat
1337 1966 1424 2028 ad
1458 1968 1930 2030 uerecundiam
1963 1969 2321 2050 perducere
2350 1989 2367 2031 :

705 2123 892 2177 tanta
905 2115 1102 2195 passi
1126 2114 1280 2177 estis
1307 2115 1449 2178 sine
1476 2118 1721 2180 causa?

702 2248 716 2273 ⁴
742 2250 816 2303 ut
846 2249 1070 2303 autem
1109 2242 1334 2303 omnia
1373 2244 1922 2322 praetermittam,
1956 2264 2128 2324 quae
2159 2245 2336 2326 passi
2370 2246 2526 2308 estis
2565 2265 2684 2326 pro
2718 2245 2983 2309 Christo

574 2363 704 2405 non
737 2339 1177 2404 erubescitis?
1253 2342 1367 2405 illa
1409 2344 1658 2404 etenim
1700 2346 1925 2407 omnia
1967 2347 2342 2426 praesentia
2383 2344 2509 2409 hac
2555 2346 2983 2410 uertibilitate

573 2465 746 2507 uana
778 2463 952 2507 nunc
985 2465 1128 2508 esse
1160 2443 1617 2507 monstrastis!

464 2569 547 2613 20
702 2554 785 2620 et,
819 2553 892 2608 ut
923 2566 1006 2608 ne
1037 2546 1343 2608 uideatur
1371 2546 1457 2608 ad
1491 2546 1762 2629 plenum
1797 2547 2183 2630 desperasse
2215 2550 2297 2611 de
2329 2549 2421 2610 eis
2448 2569 2466 2610 2

700 2686 765 2747 si
792 2707 963 2749 nunc
987 2696 1049 2750 et
1074 2688 1217 2750 sine
1241 2709 1437 2750 causa
1457 2713 1484 2760 ,·

699 2917 1027 3001 δεξάμενοι
1057 2920 1129 2983 τὸ
1161 2924 1418 3002 πνεῦμα
1447 2919 1550 2984 ἐπ’
1584 2920 1805 2986 ἐλπίδι
1836 2923 1949 3002 τῆς
1982 2919 2406 2991 ἀναστάσεως
2445 2919 2555 2984 καὶ
2594 2920 2709 3000 τῆς
2747 2916 2983 2984 ἀθανα-

568 3021 731 3099 σίας,
783 3020 891 3088 ὅτε
934 3022 1161 3110 χάριτι
1191 3023 1412 3104 πάσης
1462 3023 1641 3093 ἐκτὸς
1701 3023 2020 3110 ἁμαρτίας
2063 3022 2361 3106 ἐσόμεθα,
2410 3020 2593 3094 αὖθις
2642 3021 2726 3093 ὥς
2770 3021 2990 3101 θνητοί

569 3155 734 3198 τινες
766 3124 893 3194 ὑπὸ
922 3125 1037 3209 τὴν
1066 3131 1182 3194 τοῦ
1211 3126 1412 3211 νόμου
1442 3127 1743 3213 φυλακὴν
1774 3126 2031 3198 ἑαυτοὺς
2060 3131 2341 3208 ποιεῖ-τες

670 3328 696 3360 2
723 3330 850 3378 quae
880 3314 926 3362 C
941 3312 1033 3362 H*
1065 3311 1072 3377 Ι
1105 3313 1344 3362 tribuetur
1372 3314 1415 3361 C
1423 3313 1445 3336 ¹⁸
1471 3311 1565 3361 ll*
1593 3312 1892 3364 tribuentem
1935 3314 1978 3362 C
2015 3314 2165 3372 (corr)
2388 3325 2415 3371 3
2441 3313 2589 3360 etiam
2615 3327 2746 3376 perc.
2778 3312 2821 3360 C
2841 3313 2988 3372 (corr)

572 3414 602 3455 4
626 3395 966 3457 operationem
993 3396 1035 3443 C
1055 3395 1205 3454 (corr)
1404 3395 1434 3441 8
1468 3394 1529 3441 sit
1554 3394 1697 3442 uobis
1723 3395 1817 3452 (om
1843 3394 2007 3454 datus)
2039 3393 2117 3442 C*
2184 3409 2222 3443 s,
2252 3393 2302 3441 d.
2326 3409 2360 3441 u
2389 3393 2434 3440 C
2453 3395 2600 3452 (corr)
2803 3408 2856 3442 12
2885 3394 2990 3457 qui-

573 3475 688 3522 dem
718 3475 759 3523 C
782 3475 929 3535 (corr)
1170 3476 1227 3523 18
1260 3476 1505 3538 praesenti
1536 3477 1577 3522 C
1599 3477 1744 3535 (corr)
1967 3491 2029 3526 20
2062 3475 2242 3524 adiecit
2275 3475 2373 3536 (ast
2404 3475 2467 3523 de
2501 3475 2586 3533 eis,
2615 3474 2671 3522 in
2696 3475 2858 3537 marg)
2895 3476 2999 3522 add

575 3556 639 3602 H
655 3557 804 3614 (corr)
1041 3569 1097 3602 21
1127 3572 1226 3604 non
1253 3557 1369 3618 (jbr
1389 3558 1540 3615 nunc)
1571 3557 1615 3604 C
1632 3557 1701 3604 H
1933 3572 1992 3605 22
2019 3573 2090 3619 sq.
2135 3556 2285 3605 Coisl.
2320 3572 2429 3616 204,
2458 3555 2490 3604 f.
2523 3570 2582 3603 22
2604 3572 2633 3604 a
2657 3556 2761 3616 [Cr.
2792 3556 2855 3604 vi.
2887 3555 2985 3617 46].

576 3641 728 3688 ἄλλος
751 3636 803 3686 δὲ
828 3644 991 3698 φησιν·
1030 3636 1290 3695 δεξάμενοι,
1321 3654 1363 3685 κ.
1376 3639 1470 3684 ιλ.

645 3815 685 3848 1.
777 3793 1085 3860 ‘primitias'
1120 3812 1170 3845 u.
1200 3796 1232 3844 i.
1266 3796 1378 3859 Sp]
1447 3796 1594 3844 Rom.
1628 3797 1734 3846 viii,
1839 3814 1933 3845 νον
1973 3792 2210 3858 ἀπαρχὴ
2251 3797 2469 3843 καλεῖται
2514 3797 2594 3844 καὶ
2639 3793 2882 3858 ἀρραβών,
2925 3799 2994 3843 εῦ-

579 3899 602 3930 α
611 3897 669 3946 3:
705 3882 793 3939 τὴν
826 3879 1057 3942 ἀπαρχὴν
1084 3880 1170 3927 τοῦ
1192 3881 1473 3936 πνεύματος.
1542 3879 1638 3927 Th.
1665 3895 1737 3928 re·
1840 3879 1986 3935 δηλον
2005 3875 2064 3925 ὠς
2081 3878 2240 3924 ἐκεῖνο
2255 3877 2425 3924 τούτου
2446 3874 2817 3925 πολλαπλάσιον
2839 3877 2992 3924 ἔσται.

575 3962 723 4025 gards
747 3961 830 4009 the
859 3975 971 4023 gen.
1012 3960 1097 4006 τοῦ
1133 3976 1208 4007 πν.
1249 3975 1302 4006 as
1337 3959 1736 4022 epexegetical—
1841 3959 1937 4007 See
1960 3957 2138 4015 below,
2169 3972 2234 4005 on
2259 3958 2389 4021 Eph.
2419 3958 2451 4005 i.
2482 3972 2556 4020 13,
2589 3973 2662 4016 14.

583 4044 696 4091 ‘the
723 4041 875 4106 Spirit
901 4039 1063 4089 which
1087 4039 1376 4088 constitutes
1401 4040 1482 4087 the
1502 4038 1741 4101 ἀπαρχὴ]
1904 4054 1984 4087 21.
2031 4040 2079 4088 si
2107 4056 2242 4088 nunc
2268 4047 2311 4087 et
2332 4057 2371 4087 s.
2395 4039 2459 4100 c.]
2529 4042 2623 4089 See
2644 4055 2723 4088 vv.
2752 4038 2807 4087 11.
2878 4039 2995 4086 Nou

583 4126 680 4173 His
704 4130 952 4173 comment
983 4138 1049 4170 on
1087 4123 1232 4170 Rom.
1274 4122 1306 4170 l.
1336 4137 1377 4170 c.
1422 4122 1460 4169 is
1495 4121 1607 4180 lost,
1650 4122 1736 4169 but
1840 4121 1938 4168 and
1963 4136 2098 4168 nunc
2128 4137 2210 4168 are
2244 4120 2523 4183 frequently
2558 4120 2793 4169 confused
2829 4120 2879 4167 in
2914 4119 2999 4167 the

582 4211 643 4256 its
678 4223 817 4255 sense
843 4207 882 4254 is
905 4205 1159 4254 doubtlcss
1183 4196 1330 4268 given
1356 4205 1422 4266 by
1446 4204 1628 4252 Thdt.:
1667 4205 1743 4251 διὰ
1847 4203 1997 4251 MSS.
2021 4219 2034 4261 ;
2068 4219 2150 4250 see
2176 4204 2315 4266 (eng.)
2343 4219 2392 4266 p.
2422 4218 2496 4264 35,
2527 4204 2559 4251 l.
2594 4216 2665 4264 17.
2735 4203 2833 4251 Yet
2866 4217 3000 4250 num·

583 4293 666 4348 τῆς
690 4290 914 4350 ἀπαρχῆς
936 4289 1239 4346 ἐσημείωσεν,
1263 4287 1321 4337 ὡς
1346 4289 1395 4335 ἐν
1420 4288 1490 4347 τῷ
1517 4289 1745 4343 μέλλοντι
1856 4301 1970 4343 εγε
2015 4285 2056 4332 is
2100 4293 2327 4347 strange;
2376 4285 2555 4341 below,
2601 4301 2647 4347 p.
2685 4296 2762 4345 47,
2806 4283 2836 4331 l.
2876 4299 2918 4345 3,
2963 4283 2997 4329 it

585 4370 717 4416 αἰῶνι
772 4369 1153 4416 πολλαπλασίαν
1208 4366 1298 4425 τὴν
1346 4368 1432 4414 τοῦ
1482 4369 1746 4422 πνεύματος
1847 4366 2016 4413 stands
2042 4364 2115 4412 sor
2147 4366 2216 4423 δή.
2287 4365 2373 4413 All
2410 4365 2492 4412 the
2532 4365 2676 4412 Latin
2711 4363 3000 4412 authorities

587 4452 813 4507 δεξόμεθα
851 4452 1009 4510 χάριν.
1080 4451 1120 4496 εἰ
1153 4452 1249 4509 γὰρ
1283 4451 1347 4494 τὸ
1383 4449 1478 4495 νῦν
1513 4448 1743 4503 δεδομέ-
1849 4448 1972 4494 have
1996 4455 2157 4494 tamen
2184 4447 2311 4496 here.
