3293 5233
273 392 403 459 111.
437 409 539 477 25,
574 395 701 481 26.]
1079 410 1163 463 IN
1212 411 1317 466 Ep,
1362 413 1468 464 AD
1511 412 1864 467 GALATAs
2601 416 2677 483 55

267 578 643 646 nitudinem
675 583 951 648 istorum
992 604 1115 650 nos
1156 587 1516 669 perducere
1558 586 1785 652 ualuit.
1873 595 1944 652 et
1988 594 2063 650 ut
2108 605 2232 651 nec
2272 592 2449 650 esset
2489 584 2682 662 ultra,

266 683 518 749 iustum
567 695 688 764 est,
743 708 823 751 eo
877 689 1060 772 quod
1108 691 1392 754 intentio
1439 691 1580 755 eius
1628 691 1762 770 fine
1809 690 2123 756 conclusa
2173 699 2315 770 est;
2385 691 2680 756 aduentu

265 806 485 850 rerum
516 788 958 871 perfectarum
990 791 1191 857 finem
1223 802 1326 858 est
1354 793 1753 858 consecuta!

397 891 596 955 ualde
643 893 775 956 huc
823 893 1096 959 mirifice
1131 895 1349 978 legem
1385 894 1706 974 laudauit,
1752 904 1822 960 et
1857 895 2388 980 magnitudinem
2425 894 2683 978 gratiae

263 996 874 1076 supereminentem
916 997 1300 1081 publicauit.
1389 999 1574 1082 quod
1626 1008 1697 1064 et
1737 1000 1954 1082 magis
1993 999 2306 1076 ostendit,
2339 998 2682 1081 paedago·
2755 1002 2807 1077 5'

262 1116 426 1179 gum
458 1120 705 1164 uocans
734 1101 972 1185 legem.
1063 1122 1220 1166 nam
1252 1102 1627 1187 paedagogi
1671 1102 1870 1168 utiles
1898 1103 2169 1187 quidem
2201 1110 2357 1167 sunt
2390 1102 2682 1186 puerulis

262 1199 563 1281 paruulis
614 1212 887 1286 propter
934 1205 1409 1288 paruulitatem
1462 1226 1711 1270 eorum.
1803 1226 1938 1270 non
1983 1214 2145 1270 sunt
2185 1212 2412 1269 autem
2454 1225 2681 1269 neces-

264 1303 436 1382 sarii,
465 1307 738 1388 quando
766 1328 932 1391 puer
961 1309 1029 1371 in
1065 1329 1187 1372 usu
1217 1307 1492 1372 effectus
1523 1307 1611 1372 ad
1642 1307 2008 1391 perfectam
2039 1307 2392 1391 profecerit
2434 1306 2681 1370 doctri-

262 1430 443 1475 nam.
549 1414 866 1496 quoniam
930 1421 1156 1477 autem
1218 1412 1618 1477 sufficienter
1689 1411 1853 1496 legis
1929 1411 2287 1476 utilitatem
2361 1408 2678 1487 ostendit,

261 1522 555 1597 temptat
587 1514 759 1580 ultra
801 1536 890 1579 ex
932 1516 1434 1598 comparatione
1475 1514 1680 1579 etiam
1728 1514 1988 1598 gratiae
2036 1513 2374 1597 publicare
2419 1510 2677 1594 magni·
2712 1525 2792 1574 10

261 1618 588 1698 tudinem,
633 1619 832 1683 simul
885 1619 1328 1701 comprobans
1373 1640 1462 1683 ex
1503 1617 1624 1697 his,
1676 1618 1997 1702 quoniam
2052 1618 2228 1683 ultra
2268 1615 2489 1717 locum
2537 1636 2673 1680 non

212 1775 224 1789 .
261 1720 513 1788 habent
543 1722 657 1787 illa
686 1733 916 1787 tenere
939 1743 956 1788 :

373 1863 664 1929 ueniente
707 1874 920 1930 autem
950 1865 1110 1951 fide,
1159 1863 1294 1928 iam
1349 1884 1475 1929 non
1522 1884 1754 1928 sumus
1798 1863 1917 1928 sub
1952 1861 2344 1946 paedagogo·

391 1986 635 2069 quare?

387 2135 603 2178 omnes
627 2115 799 2179 enim
811 2114 963 2200 filii
986 2113 1122 2178 Dei
1143 2113 1297 2178 estis
1310 2112 1677 2201 perfidem,
1707 2134 1872 2197 quae
1898 2125 1993 2179 est
2020 2114 2090 2180 in
2126 2114 2383 2183 Christo
2410 2115 2576 2182 Iesu.
2708 2124 2779 2195 15

387 2247 565 2331 †hoc
596 2260 697 2315 est
730 2260 803 2315 ut
833 2250 1030 2328 dicat,
1062 2249 1368 2333 ‘perfecti
1400 2251 1599 2315 estis.'
1688 2249 1818 2314 hoc
1848 2251 2026 2315 enim
2060 2262 2203 2317 erat
2233 2273 2668 2336 consequenS,

256 2361 332 2416 ut
363 2362 515 2436 post
546 2354 922 2436 paedagogi
956 2354 1365 2428 memoriam,
1398 2351 1570 2417 filios
1614 2353 1743 2416 Dei
1782 2353 2047 2420 diceret.
2138 2354 2275 2418 filio
2324 2357 2503 2419 enim
2539 2355 2669 2419 Dei

254 2456 418 2520 nihil
457 2457 674 2519 minus
715 2464 835 2532 est,
881 2476 1016 2538 quo
1049 2476 1182 2519 non
1225 2458 1311 2521 sit
1348 2456 1742 2539 perfectus*
1830 2459 1947 2522 sed
1983 2459 2299 2542 quoniam
2333 2459 2672 2541 probatio-

253 2579 409 2624 nem
463 2559 748 2624 filiorum
797 2559 1181 2642 adoptionis
1230 2558 1783 2623 inmortalitatem
1827 2560 2057 2625 diuina
2098 2562 2223 2626 scit
2265 2582 2410 2625 esse
2463 2562 2669 2645 scrip-

251 2674 420 2741 tura,
475 2674 543 2729 et
596 2663 776 2746 quod
833 2683 966 2726 non
1022 2663 1216 2728 decet
1275 2663 1446 2727 filios
1510 2664 1639 2727 Dei
1703 2664 1888 2742 mori,
1950 2667 2122 2730 sicut
2183 2675 2251 2730 et
2314 2666 2537 2729 Dauid
2601 2667 2668 2729 in
2697 2682 2785 2729 20

251 2768 528 2852 psalmis
589 2767 788 2831 dicit:
846 2787 959 2849 ego
1015 2766 1197 2829 dixi:
1255 2766 1362 2829 dii
1417 2766 1587 2844 estis,
1627 2777 1691 2829 et
1731 2767 1884 2850 filii
1921 2768 2186 2832 Excehi
2232 2789 2496 2844 omnes‚·
2556 2789 2671 2832 uos

251 2881 466 2935 autem
505 2871 678 2934 sicut
711 2869 999 2934 homines
1035 2869 1418 2946 moriemini,
1456 2871 1648 2952 quasi
1690 2871 1849 2954 quia
1880 2892 2014 2935 non
2045 2872 2283 2938 deceat
2315 2875 2482 2938 mori
2516 2877 2668 2941 illos

381 3068 526 3136 ἀντὶ
584 3073 700 3137 τοῦ
757 3068 962 3136 εἰπεῖν
1018 3070 1320 3136 τέλειοι·
1379 3070 1566 3133 τοῦτο
1616 3065 1743 3150 «γὰρ
1803 3064 2164 3132 ἀκόλουθον
2213 3065 2374 3151 πρὸς
2423 3066 2497 3133 τὸ
2543 3070 2669 3143 γ’πό

249 3178 650 3250 nemarcos-du,
681 3172 755 3239 τὸ
782 3171 890 3251 γῖοὶ
925 3176 1071 3250 fleo?
1111 3172 1331 3239 εἰπεῖν.
1424 3173 1515 3258 τῷ
1549 3167 1677 3253 «γὰρ
1717 3167 1830 3256 υἱῷ
1873 3171 1990 3234 τοῦ
2033 3168 2183 3235 θεοῦ
2224 3167 2410 3236 οὐδὲν
2450 3172 2668 3235 λείπει

246 3274 411 3363 πρὸς
456 3275 849 3356 τελειότητα.
2693 3286 2731 3334 2
2741 3284 2771 3352 5

351 3429 372 3463 1
410 3428 474 3462 ne
496 3420 653 3462 cesset
675 3413 744 3462 H
757 3414 906 3472 (corr)
1039 3430 1069 3473 4
1104 3411 1251 3461 ualde
1271 3410 1371 3460 hoc
1400 3409 1444 3459 C
1465 3411 1613 3469 (corr)
1771 3409 1802 3457 8
1835 3407 2093 3473 perfecerit
2115 3409 2185 3458 H
2318 3425 2378 3475 23
2402 3426 2478 3477 sq.
2505 3412 2660 3463 Coisl.

250 3511 343 3560 204
366 3496 399 3545 s.
428 3497 490 3546 28
512 3497 547 3545 b
574 3496 678 3558 [Cr.
706 3495 775 3544 vi.
802 3497 880 3558 58,
907 3494 991 3544 Fr.
1023 3494 1153 3556 125]·
1223 3490 1453 3554 θεόδωρος
1477 3489 1656 3555 (marg)

316 3629 392 3679 15.
459 3633 623 3666 omnes
641 3618 770 3665 enim
789 3616 925 3680 file'i]
960 3614 1041 3665 Cf.
1077 3615 1162 3664 the
1196 3613 1407 3663 ecthesis
1507 3612 1595 3661 has
1613 3607 1972 3672 ἀποθνήσκετες
2006 3613 2069 3662 cf.
2096 3613 2248 3664 Thdt.
2276 3617 2361 3675 (on
2389 3617 2662 3680 Pss-,I.c.),

243 3700 555 3750 condemned
589 3707 641 3748 at
677 3699 904 3764 Ephesus
923 3713 936 3746 ι
971 3699 1082 3747 ὅθεν
1104 3700 1162 3757 δὴ
1184 3698 1264 3747 καὶ
1285 3699 1404 3746 πολ·
1506 3693 1631 3752 ὑμεῖς
1655 3693 1706 3741 δὲ
1726 3691 1788 3743 ὠς
1809 3694 2050 3756 ἅνθρωποι
2073 3695 2590 3756 ἀποθνήσκετε...ὀ
2614 3702 2666 3751 δὲ

242 3784 322 3831 λοὶ
357 3784 446 3830 υἱοὶ
478 3782 604 3830 κατὰ
636 3782 720 3830 τὸν
751 3780 983 3843 μακάριον
1002 3778 1248 3842 λεγόμεθα
1269 3784 1401 3831 1106-
1502 3778 1768 3839 Σύμμαχος
1790 3775 2424 3828 οὕτως...ἀποθανεῖσθε.
2482 3780 2661 3846 Comp.

240 3866 329 3914 λον
351 3864 562 3928 (Migne‚
597 3865 757 3926 1017).
1499 3860 1639 3912 Th.’s
1660 3870 1912 3912 comment
1935 3878 2001 3912 on
2026 3863 2174 3912 Rom.
2200 3862 2302 3910 viii.
2334 3877 2422 3926 19:
2457 3860 2547 3921 τὴν
2570 3864 2662 3910 υἱο-

314 3945 389 3996 16.
456 3947 541 3994 hoc
574 3952 656 4003 cst,
697 3944 810 4006 δία]
856 3946 1045 3995 Thdt.:
1097 3946 1270 4006 ἔδειξεν
1305 3946 1400 3994 τῶν
1500 3942 1667 3993 θεσὶαν
1693 3943 1782 4004 τὴν
1821 3944 2089 3994 ἀθανασίαν
2124 3946 2300 4001 καλῶν,
2342 3943 2513 4004 ἐπειδή
2554 3946 2661 3993 υἱῶν

239 4025 629 4080 πεπιστευκότων
651 4026 708 4077 τὸ
728 4031 928 4078 τέλειον.
1499 4024 1616 4071 εἶναι
1651 4024 1752 4079 νομί
1758 4029 1824 4084 ζει
1854 4022 1961 4070 θεοῦ
1995 4023 2051 4070 τὸ
2085 4019 2351 4074 ἀθανάτους
2384 4026 2520 4073 εἶναι·
2554 4027 2663 4074 ὅθεν

312 4128 384 4179 ¹9·
446 4112 623 4160 diuina
645 4111 736 4160 scit
823 4109 1090 4174 scribtura]
1148 4109 1227 4159 Cf.
1253 4109 1397 4159 Luke
1499 4106 1579 4153 καὶ
1602 4101 1627 4153 ὀ
1652 4106 1808 4166 Δαβὶδ
1830 4105 1980 4166 λέγει·
2013 4101 2136 4167 ’ἐγὼ
2156 4106 2289 4155 εἶπα·
2325 4108 2427 4156 θεοί
2446 4109 2557 4157 ἐστε
2580 4109 2660 4157 καὶ

238 4212 321 4245 xx.
346 4193 440 4258 36:
477 4194 564 4243 υἱοί
589 4196 710 4242 εἰσιν
731 4194 840 4241 θεοῦ
861 4192 948 4251 τῆς
969 4188 1283 4240 ἀναστάσεως
1307 4191 1396 4239 υἱοὶ
1500 4188 1588 4234 υἱοὶ
1622 4183 1830 4247 ὑψίστου
1860 4185 2054 4236 πάντες·
2090 4186 2220 4246 ὑμεῖς
2248 4190 2300 4237 δὲ
2334 4189 2393 4239 ὡς
2421 4188 2658 4251 ἅνθρωποι

238 4275 382 4324 ὄντες.
455 4274 604 4321 Rom.
630 4273 730 4321 viii.
761 4288 823 4334 23
847 4271 999 4332 (cited
1023 4270 1221 4329 below).
1500 4266 1873 4326 ἀποθνήσκετε·’
1910 4268 1970 4318 ὡς
1994 4268 2054 4317 ἀν
2077 4270 2160 4317 οὐκ
2183 4269 2376 4329 ἔχοντος
2398 4266 2550 4329 λόγον
2575 4271 2659 4316 τοῦ

304 4373 383 4409 20.
433 4358 557 4404 sicut
575 4363 620 4404 et
639 4356 849 4417 Dauid]
905 4356 985 4404 Ps.
1010 4355 1175 4404 lxxxii.
1201 4351 1395 4413 (lxxxi.)
1499 4349 1821 4412 ἀποθνήσκειν
1851 4353 1960 4402 τοὺς
1992 4353 2116 4403 υἱοὺς
2150 4355 2236 4401 τοῦ
2276 4353 2384 4401 θεοῦ
2422 4352 2654 4413 χρηματί·

238 4439 287 4496 6,
316 4453 358 4503 7.
426 4440 717 4488 stloriemini
751 4440 792 4486 is
830 4437 957 4487 from
989 4438 1071 4486 the
1108 4437 1174 4486 O.
1199 4437 1260 4484 L.
1295 4436 1394 4484 and
1499 4453 1697 4484 σαντας.

240 4521 427 4584 Vulg.;
460 4521 544 4570 the
581 4521 766 4580 LXX.,
807 4520 967 4570 which
1002 4520 1097 4569 Th.
1139 4519 1388 4577 followed,
