3293 5233
590 385 719 455 274
1257 380 1715 436 THEODORUS
1759 371 2341 434 MOPSUESTENUS
2785 370 2864 453 [Ῑ.
2906 371 3000 434 18.

719 549 848 616 hoc
877 545 1250 616 est:'‘ante
1288 543 1535 614 omnes
1552 556 1968 631 resurgentes
1998 548 2249 631 primus
2280 547 2347 611 in
2380 546 2493 610 illa
2523 547 2665 611 uita
2694 543 2998 612 renatus)

588 672 748 719 nam
794 645 1111 738 quoniam
1158 651 1709 736 ‘primogenitum
1754 672 1843 715 ex
1889 650 2198 715 mortuis’
2244 659 2626 733 susceptum
2662 649 3001 713 hominem

594 767 805 835 uocat,
839 747 1265 821 manifestum
1310 764 1450 834 est;
1497 754 1614 818 sed
1657 762 1726 817 et
1756 754 1913 837 quia
1942 754 2130 837 quasi
2162 753 2248 817 de
2280 774 2412 817 uno
2442 754 2742 836 disputat
2774 761 2842 816 et
2888 751 3003 815 illa

593 881 764 944 quae
795 860 862 924 in
892 858 1335 942 superioribus
1364 864 1534 933 sunt,
1568 865 1636 920 et
1667 856 1792 919 ista
1823 857 2018 920 dicta.
2094 865 2162 920 et
2192 855 2319 920 hoc
2349 856 2691 920 euidenter
2721 878 2809 921 ex
2842 856 3003 938 ipsis

532 978 563 1046 5
594 971 696 1026 est
726 962 1094 1044 perspicere
1122 960 1551 1025 sermonibus,
1642 955 1808 1041 †qui
1839 968 2063 1023 autem
2097 959 2299 1023 uerba
2329 959 2613 1042 apostoli
2651 979 2785 1022 non
2828 968 3003 1023 recte

593 1063 1007 1147 interpretari
1047 1063 1489 1145 adtemptant,
1527 1070 1597 1126 et
1636 1060 1801 1125 illud
1842 1063 2022 1145 quod
2069 1063 2279 1125 dixit:
2331 1061 2448 1143 qui
2481 1072 2578 1125 est
2620 1061 2835 1145 imago
2872 1061 3008 1125 Dei

595 1166 966 1244 inuzlcz‘bilzk,
1008 1165 1488 1249 primogenitus
1545 1163 1742 1228 totius
1783 1175 2114 1229 creaturae
2157 1166 2224 1228 in
2278 1166 2575 1229 diuinam
2636 1166 3003 1249 suscipiunt

593 1276 918 1344 naturam,
941 1265 1330 1331 nullomodo
1354 1275 1649 1330 nostram
1677 1265 2289 1349 interpretationem
2313 1266 2658 1331 calumniis
2688 1276 3004 1350 poterunt

595 1368 929 1447 innodare,
960 1366 1132 1452 [pro]
1158 1367 1398 1451 quibus
1422 1368 1719 1430 diximus
1742 1388 1893 1431 eum
1925 1390 1965 1431 a
1996 1370 2223 1432 diuina
2254 1377 2491 1433 natura
2519 1370 2605 1432 ad
2637 1369 3001 1433 humanam

490 1483 571 1531 10
595 1468 893 1549 transire,
932 1477 1049 1533 aut
1084 1469 1321 1532 iterum
1369 1469 1457 1532 ab
1503 1468 1798 1532 humana
1846 1469 1933 1532 ad
1975 1470 2308 1549 diuinam3
2358 1470 2646 1554 idipsum
2679 1470 2856 1533 enim
2888 1489 3003 1532 eos

593 1568 808 1633 facere
839 1571 1194 1635 necessitas
1223 1569 1555 1653 conpellit.
1645 1569 1758 1634 illa
1789 1571 1965 1634 enim
2008 1593 2180 1656 quae
2225 1572 2290 1635 in
2337 1571 2779 1655 superioribus
2823 1571 3003 1635 dicta

594 1681 749 1737 sunt
777 1673 844 1736 in
885 1674 1182 1738 diuinam
1228 1675 1527 1757 accipere
1571 1694 1687 1737 eos
1733 1685 2035 1739 naturam
2084 1697 2187 1740 res
2232 1677 2377 1759 ipsa
2419 1678 2756 1760 conpellit.
2846 1696 3001 1741 nam

593 1776 721 1841 hoc
764 1779 945 1863 quod
990 1779 1166 1843 dixit
1195 1778 1673 1862 primogenitus
1712 1800 1791 1842 ex
1831 1778 2119 1855 mortuis,
2150 1781 2306 1843 licet
2346 1779 2432 1843 ad
2465 1781 2691 1844 omnia
2722 1780 3002 1864 improbi

591 1884 995 1949 contendere
1025 1883 1256 1960 sciant,
1287 1904 1708 1967 nequaquam
1752 1882 1820 1946 id
1863 1884 1928 1946 in
1975 1883 2273 1947 diuinam
2318 1892 2629 1966 poterunt
2675 1885 3005 1966 suscipere

491 1994 562 2063 15
595 1984 960 2051 naturam*
1049 1984 1390 2068 apostolus
1442 2006 1599 2048 uero
1653 1986 1996 2049 euidenter
2039 1984 2414 2061 ostendenS,
2461 1986 2776 2068 quoniam
2823 1994 2891 2048 et
2935 1985 3002 2047 in

590 2091 1037 2174 superioribus
1080 2090 1384 2153 dixerat:
1412 2089 1889 2173 primogenitus
1934 2089 2129 2152 totius
2170 2100 2512 2165 creaturae,
2559 2090 2644 2152 de
2688 2089 2815 2153 hoc
2861 2089 3004 2171 ipso

593 2190 831 2254 iterum
865 2190 1074 2254 dixit:
1103 2189 1581 2272 primogenitus
1608 2211 1690 2253 ex
1717 2189 2038 2264 mortuis,-
2085 2191 2264 2255 unde
2294 2202 2361 2255 et
2390 2190 2674 2255 adiecit:

720 2336 946 2420 utfiat
973 2337 1043 2401 in
1071 2338 1366 2402 omnibus
1396 2336 1522 2420 {pse
1535 2337 1907 2420 primatum
1937 2347 2166 2407 tenens.

720 2505 785 2572 οἶ
824 2505 892 2572 δέ
934 2533 1009 2588 Ιγε
1066 2505 1604 2594 παρερμνηνεύειν
1653 2508 2050 2592 βουλόμενοι
2102 2508 2181 2574 τὰ
2227 2508 2394 2596 ῥητὰ
2444 2507 2554 2574 καὶ
2598 2507 2672 2573 τό
2719 2510 2790 2574 60
2836 2508 2996 2575 ἐετικ

484 2635 568 2685 20
593 2608 778 2677 eixdm
844 2613 955 2687 τοῨ
1007 2613 1152 2688 fleo?
1198 2613 1311 2687 τοῨ
1360 2610 1638 2698 sophor,
1689 2615 2095 2699 πρωτότοκος
2156 2616 2352 2678 πάσης
2407 2611 2659 2678 κτίσεως
2721 2610 2830 2679 ἐπὶ
2887 2613 3003 2695 τῆς

590 2711 764 2784 θείας
795 2714 1103 2792 ἐκλαβεῖν
1134 2712 1685 2802 ἐπιχειρήσαντες
1714 2713 1987 2797 φύσεως,
2019 2712 2312 2797 οὗδαμῶς
2351 2718 2855 2801 συκοφαντῆσαι
2881 2713 3002 2797 τὴν

591 2818 928 2906 ἑρμηνείαν
960 2817 1138 2901 ἡμῶν
1184 2816 1573 2900 δυνήσονται
1611 2816 1743 2883 ἀπὸ
1770 2821 1882 2901 τῆς
1925 2816 2058 2883 ἀπὸ
2099 2820 2227 2885 τῶν
2257 2818 2446 2885 θείων
2481 2818 2593 2885 ἐπὶ
2637 2817 2717 2884 τὰ
2751 2816 3002 2903 ἀνθρώ-

592 2948 754 2989 πινα
790 2919 1229 3006 μεταβάσεως,
1272 2920 1420 3003 ἤτοι
1463 2925 1577 3005 τῆς
1620 2919 1754 2989 ἀπὸ
1798 2925 1929 2989 τῶν
1973 2920 2393 3007 ἀνθρωπίνων
2438 2921 2550 2988 ἐπὶ
2595 2921 2681 2988 τὰ
2726 2923 2884 2989 θεῖα*
2930 2921 3005 2986 τὸ

589 3024 716 3112 «γὰρ
747 3023 905 3091 αὐτὸ
933 3024 1047 3090 καὶ
1090 3023 1320 3095 αὐτοὺς
1362 3029 1640 3105 ποιῆσαι
1684 3020 1954 3109 ἀνάγκη,
1981 3024 2064 3092 τὰ
2105 3024 2540 3111 μὲν,α’νώτερα
2580 3025 2690 3090 ἐπὶ
2720 3027 2835 3106 τῆς
2873 3025 3006 3093 ἅνω

486 3147 560 3214 25
593 3128 1127 3212 ἐκλαμβάνοντας
1163 3127 1438 3216 φύσεως,
1488 3128 1563 3194 τὸ
1603 3128 1686 3195 δέ·
1735 3132 2141 3216 πρωτότοκος
2191 3130 2262 3195 ἐκ
2311 3133 2445 3195 uim
2500 3131 2768 3216 ΝεκΡῶΝ,
2816 3128 2874 3195 εἰ
2918 3126 3002 3194 τὰ

592 3233 817 3299 πάντα
855 3230 1366 3320 ἀναισχυντοῖεν,
1414 3229 1704 3314 οὐδαμῶς
1752 3233 2066 3311 ἐκλαβεῖν
2104 3230 2214 3297 ἐπὶ
2251 3234 2365 3314 τῆς
2409 3231 2582 3302 θείας
2626 3229 3006 3313 δυναμένους

594 3332 864 3421 φύσεως.

692 3501 719 3547 3
753 3484 841 3534 sed
864 3484 982 3548 quia
1004 3485 1145 3549 quasi
1172 3484 1243 3532 C*
1268 3502 1280 3533 ι
1314 3500 1426 3534 corr
1445 3486 1533 3534 sed
1556 3487 1676 3549 quia
1696 3493 1746 3535 et
1770 3486 1910 3551 quasi
1933 3505 1944 3535 :
1980 3493 2060 3536 txt
2081 3505 2111 3536 r
2340 3507 2371 3550 4
2405 3485 2486 3536 hic
2511 3503 2541 3534 r
2790 3485 2821 3536 6
2855 3487 3005 3536 inter·

593 3574 787 3629 pretate
828 3565 896 3614 C‘
1103 3580 1134 3630 9
1170 3582 1261 3629 pro
1298 3581 1375 3614 om
1421 3566 1464 3615 C
1483 3566 1550 3615 Η
1563 3581 1617 3615 r:
1636 3566 1742 3631 sor.
1790 3568 1877 3632 leg.
1920 3584 2020 3632 qua
2224 3583 2273 3617 11
2313 3568 2538 3631 accipere
2579 3567 2694 3631 (sar
2725 3567 2907 3628 facere)
2948 3569 3015 3618 H

599 3659 655 3709 13
688 3645 813 3694 haec
835 3645 903 3695 II
1071 3662 1130 3706 14
1164 3646 1419 3696 consciant
1440 3663 1473 3695 r
1622 3658 1680 3709 17
1713 3650 1847 3697 unde
1870 3656 1919 3697 et
1942 3648 2095 3698 adicit
2122 3649 2165 3698 C
2184 3666 2215 3697 r
2277 3648 2412 3698 unde
2435 3648 2615 3697 adiecit
2638 3647 2706 3696 H
2850 3664 2906 3712 19
2930 3664 3005 3713 sq.

596 3727 753 3778 Coisl.
782 3724 955 3787 204‚·f.
991 3724 1081 3788 146
1104 3726 1140 3774 b
1169 3728 1280 3789 [Cr.
1310 3727 1373 3777 vi.
1409 3740 1517 3791 309,
1552 3728 1638 3775 Fr.
1670 3728 1782 3790 142]
1815 3728 2164 3788 ἐναντιούμενος
2199 3730 2259 3787 δὴ
2291 3731 2504 3787 συνηθῶς
2534 3729 2684 3776 πᾶσιν
2720 3729 2821 3778 τοῖς
2855 3729 3010 3790 ἁγίοις

596 3808 852 3868 πατράσιν,
881 3806 958 3855 καὶ
979 3807 1136 3853 ταῦτα
1157 3807 1392 3868 ἐπιφέρει·
1428 3807 1472 3854 οἱ
1506 3809 1558 3855 δέ
1589 3824 1667 3869 γε,
1706 3812 1856 3858 κ.τ.λ.
1926 3809 2183 3869 προφανῶς
2213 3809 2370 3857 τοίνυν
2402 3806 2491 3857 κοῖν
2523 3807 2708 3858 τούτοις
2742 3809 3010 3869 ἀπεδείχθη

598 3890 822 3951 θεόδωρος
842 3887 929 3947 τήν
951 3888 1068 3949 πρὸς
1089 3888 1197 3939 τοὺς
1220 3887 1381 3949 ἁγίους
1402 3888 1587 3938 πάντας
1610 3890 1841 3951 ἀράμενος
1861 3888 2042 3951 μάχην.
2242 3903 2268 3938 α
2277 3903 2303 3952 5
2341 3892 2384 3938 el
2405 3890 2474 3950 μή
2497 3890 2538 3937 F
2542 3904 2604 3939 r.:
2640 3897 2713 3940 txt
2738 3892 2850 3940 cod.
2876 3894 2962 3941 Cr.

597 4042 856 4105 similarity
893 4041 952 4091 of
982 4041 1068 4091 the
1104 4041 1209 4091 first
1246 4041 1340 4091 five
1376 4043 1544 4092 letters
1579 4041 1631 4092 in
1666 4042 1752 4093 the
1852 4044 2009 4093 Thdt.
2054 4044 2253 4108 silently
2297 4053 2511 4094 corrects
2565 4045 2664 4095 this
2714 4051 3007 4094 statement:

597 4134 698 4174 two
741 4123 918 4173 words.
994 4122 1066 4174 At
1121 4125 1207 4174 the
1260 4139 1395 4173 same
1449 4124 1570 4174 time
1626 4124 1666 4174 it
1710 4125 1753 4175 is
1853 4126 1923 4176 ὡς
1954 4123 2271 4189 ἅνθρωπος,
2312 4125 2607 4191 πρωτότοκος
2638 4131 2694 4178 ἐκ
2728 4128 2921 4191 νεκρῶν.

596 4214 795 4269 strange
840 4205 946 4254 that
991 4220 1047 4254 so
1091 4205 1402 4269 noteworthy
1444 4220 1476 4254 a
1513 4206 1655 4254 word
1698 4221 1752 4255 as
1918 4225 1966 4275 9.
2040 4210 2301 4272 innodare]
2383 4211 2434 4260 A
2472 4211 2572 4260 late
2611 4212 2748 4261 word
2782 4214 2904 4262 used
2943 4214 3011 4280 by

597 4284 723 4349 ἀρχή
745 4286 787 4335 is
809 4286 986 4350 passed
1010 4302 1127 4336 over
1147 4286 1200 4335 in
1223 4285 1309 4335 the
1335 4301 1516 4336 comm.
1539 4288 1751 4337 without
1852 4291 2106 4351 Sidonius,
2133 4293 2430 4342 Ammianus
2454 4293 2788 4353 Marcellinus,
2817 4295 2908 4344 &c-

597 4368 811 4418 remark.
1923 4375 1997 4423 18.
2055 4382 2114 4422 ut
2127 4375 2252 4439 fiat]
2319 4376 2399 4423 ἵνα
2433 4376 2653 4437 γένηται.
2725 4377 2795 4426 So
2826 4376 3008 4428 Ambr.

667 4465 714 4498 α.
782 4449 1169 4512 primogenitum
1192 4467 1252 4501 ex
1275 4468 1338 4501 m.
1368 4467 1490 4502 susc.
1513 4452 1565 4500 Ιι.
1591 4452 1752 4513 uocat]
1852 4455 2121 4513 Ambrstr„
2148 4456 2318 4506 Sedul.
2347 4457 2483 4506 Scot.
2552 4456 2720 4521 Vulg„
2753 4462 2847 4506 “ut
2893 4459 3008 4509 sit.''
