3293 5233
320 395 437 460 IV.
480 394 774 481 13—15.]
1114 409 1198 460 IN
1247 410 1349 462 ΕΡ.
1397 411 1498 461 AD
1544 410 1896 462 GALATAS.
2640 395 2726 475 67

314 585 574 649 nocitus
617 604 764 647 sum
814 581 1083 667 (inquit)
1130 606 1171 649 a
1217 585 1447 664 uobis;
1494 585 1722 668 itaque
1768 605 1852 648 ne
1897 585 2046 667 quis
2093 604 2202 648 me
2246 582 2587 648 existimet
2633 581 2741 645 ira'

314 696 385 752 et
415 687 872 752 recordatione
905 688 1200 752 malitiae
1233 688 1318 752 ad
1354 688 1477 753 hos
1509 689 1773 752 uenisse
1804 687 2177 752 sermones?
2242 714 2253 751 2

445 846 627 910 scitis
682 856 898 910 autem
956 846 1263 930 quoniam
1309 859 1435 930 per
1490 848 1943 933 infirmitatem
2001 848 2218 912 carnis
2282 844 2734 928 euangelizaui

318 949 499 1013 uobis
543 951 612 1013 in
643 949 907 1032 primis,
940 960 1001 1012 et
1041 952 1512 1034 temptationem
1556 973 1764 1015 meam
1809 973 1972 1034 quae
1996 961 2092 1014 est
2119 951 2189 1014 in
2217 971 2408 1014 carne
2436 971 2576 1013 mea
2605 970 2728 1012 non

316 1050 669 1133 sprevistis,
724 1072 920 1133 neque
966 1052 1299 1134 respuistis
1315 1075 1346 1128 ,⁶
1414 1053 1531 1117 sed
1580 1054 1752 1117 sicut
1805 1054 2107 1136 angelum
2183 1051 2316 1116 Dei
2367 1049 2730 1134 suscepistis
2800 1067 2832 1134 5

321 1175 435 1229 me,
465 1153 636 1217 sicus
667 1153 1001 1220 Christum
1031 1154 1265 1219 Iesum.

452 1292 529 1349 ‘e
560 1287 890 1350 contrario
939 1306 1097 1349 uero
1145 1306 1297 1350 cum
1347 1308 1561 1352 essem
1613 1289 1679 1351 in
1727 1288 2295 1371 persecutionibus
2338 1295 2405 1352 et
2449 1288 2728 1350 miseriis

322 1397 390 1454 et
421 1389 960 1453 tribulationibus
993 1390 1237 1467 multiS,
1270 1391 1357 1454 ad
1393 1411 1511 1453 uos
1544 1392 1735 1469 ueni;
1782 1401 1846 1456 et
1890 1401 2051 1456 tunc
2097 1401 2368 1475 propter
2409 1391 2520 1455 illa
2553 1389 2728 1453 mala

322 1514 496 1576 quae
542 1492 703 1556 mihi
757 1493 1213 1569 imminebant,
1269 1514 1399 1556 non
1450 1494 1786 1577 respuistis
1835 1516 1962 1559 me.
2052 1495 2169 1558 sed
2214 1495 2381 1558 sicut
2429 1495 2729 1575 angelum

322 1595 458 1661 Dei
507 1595 870 1679 suscepistis
928 1618 1040 1672 me,
1092 1597 1299 1660 immo
1360 1618 1516 1661 uero
1571 1608 1643 1661 ut
1697 1598 1913 1681 ipsum
1978 1597 2350 1662 Christum.’
2448 1597 2728 1680 infirmi·
2767 1613 2845 1673 10

322 1709 518 1764 tatem
568 1700 744 1764 enim
802 1700 1025 1763 carnis
1079 1710 1142 1764 et
1200 1700 1691 1783 temptationem,
1747 1722 1896 1765 eam
1950 1722 2123 1783 quae
2175 1703 2239 1765 in
2302 1721 2577 1784 corpore
2630 1710 2732 1764 est

324 1801 822 1867 tribulationem
855 1802 1032 1866 dicit.

452 1984 615 2045 quae
640 1984 789 2045 ergo
816 1973 960 2027 erat
990 1962 1308 2027 beatitudo
1340 1973 1554 2026 uestra
1576 1963 1611 2026 ?

453 2094 571 2179 †in
615 2095 740 2162 hoc
772 2096 921 2160 loco
953 2097 1218 2161 dicens:
1252 2103 1268 2130 ‘
1288 2114 1458 2181 quae
1490 2108 1630 2162 erat
1663 2094 2009 2162 beatitudo
2031 2098 2055 2161 ἓ
2075 2096 2089 2121 ’
2138 2097 2264 2163 hoc
2296 2107 2416 2171 est,
2449 2104 2465 2130 ‘
2490 2097 2601 2162 ubi
2633 2107 2734 2162 est

324 2199 672 2263 beatitudo
723 2199 851 2275 illa,
902 2221 1035 2282 qua
1085 2200 1319 2263 beatos
1373 2200 1687 2264 dicebant
1735 2221 1854 2263 uos
1901 2220 2136 2263 omnes
2167 2222 2290 2283 pro
2333 2200 2449 2264 tali
2492 2200 2734 2265 affectu
2774 2212 2841 2281 15

327 2321 525 2383 quem
577 2322 734 2383 erga
782 2302 1344 2385 praedicationem
1401 2302 1804 2379 ostendistiS,
1853 2323 1972 2385 per
2021 2301 2205 2365 illum
2261 2303 2580 2367 honorem
2623 2303 2735 2385 qui

325 2411 487 2467 tunc
536 2402 695 2464 mihi
744 2424 784 2466 a
845 2403 1036 2466 uobis
1108 2413 1210 2466 est
1278 2404 1669 2487 praebitus?
1758 2404 1872 2467 ubi
1923 2425 2081 2486 ergo
2137 2415 2237 2468 est
2288 2404 2401 2468 ille
2447 2404 2738 2468 honor?’

326 2504 396 2568 id
449 2512 566 2580 est,
616 2503 756 2580 suit,
807 2505 1019 2586 periit.
1123 2504 1427 2587 beneque
1485 2526 1617 2569 non
1681 2508 1853 2571 dixit
1920 2507 1984 2570 id
2046 2508 2546 2582 sententialiter,
2619 2507 2745 2571 sed

457 2778 532 2846 τὸ
556 2780 668 2845 οὖν
692 2780 778 2847 τίς
813 2781 1092 2848 ἐνταῦθα.
1125 2780 1267 2850 ἀντὶ
1297 2789 1417 2851 τοῦ
1445 2790 1590 2852 ποῦ
1619 2790 1655 2851 ὁ
1685 2791 2090 2873 Μακαριεμόο;
2126 2787 2391 2874 οἴχεται,
2425 2784 2740 2851 ἀπώλετο.

330 2884 546 2951 καλῶς
577 2878 694 2948 οὐκ
722 2881 1232 2966 ἀποφηνάμενος,
1264 2886 1442 2953 ἀλλὰ
1472 2888 1550 2954 δι’
1584 2889 1948 2977 ἐρωτήσεως
1979 2886 2419 2972 ἐνδειξάμενος.
2771 2901 2857 2947 20

433 3079 454 3113 1
492 3062 562 3112 ita
583 3071 636 3113 ut
660 3065 775 3128 (sor
793 3064 981 3128 itaque)
1004 3067 1070 3114 H
1299 3067 1330 3115 8
1364 3074 1530 3116 tamen
1555 3066 1674 3131 (sor
1693 3069 1830 3125 tunc)
1858 3067 1922 3115 H
1936 3067 2083 3125 (corr)
2330 3077 2384 3126 17
2421 3064 2505 3113 ubi
2529 3073 2602 3113 est
2626 3027 2749 3128 ergo

336 3141 380 3190 C
400 3144 547 3202 (corr)
573 3144 638 3192 H
898 3144 953 3192 18
987 3144 1258 3195 sentialiter
1286 3146 1363 3195 C*
1388 3148 1452 3196 H
1712 3163 1787 3212 19,
1818 3164 1881 3197 ἰο
1915 3147 2065 3197 Coisl.
2099 3163 2207 3209 204,
2236 3145 2265 3195 s.
2293 3162 2350 3209 32
2379 3147 2412 3194 b
2436 3146 2543 3209 [Cr.
2571 3146 2631 3194 vi.
2660 3144 2738 3202 66,

333 3224 417 3273 Fr.
448 3225 577 3287 127].
647 3221 875 3286 θεὸδωρος
897 3241 1051 3289 marg.

405 3373 443 3408 ι.
521 3358 708 3407 nocitus
763 3358 896 3418 sum]
1002 3358 1083 3408 Cf.
1147 3360 1482 3420 Hildebrand,
1591 3360 1839 3411 ἀσθένειαν
1869 3361 1967 3424 ’γὰο
2001 3364 2078 3410 καὶ
2114 3360 2379 3422 πειρασμὸν
2411 3358 2568 3408 ταῦτα
2591 3360 2745 3407 καλεῖ.

331 3440 486 3503 Apul.
515 3440 548 3488 i.
586 3454 663 3502 41,
706 3440 925 3498 Ronsch,
960 3442 1110 3499 Itala,
1149 3458 1201 3506 p.
1237 3461 1328 3505 441
1368 3444 1488 3505 [add
1593 3443 1718 3492 This
1750 3445 1839 3492 “is
1871 3445 2137 3508 especially
2171 3444 2255 3493 the
2289 3443 2661 3502 interpretation
2698 3442 2755 3491 of

333 3530 385 3569 to
410 3521 486 3569 his
508 3536 618 3569 exx.
647 3521 776 3569 Iren.
802 3538 848 3569 v.
877 3532 922 3582 5.
947 3537 991 3580 2,
1021 3523 1187 3572 where
1211 3523 1319 3571 οὔτε
1341 3522 1489 3585 ἐβλά-
1595 3525 1679 3574 the
1703 3526 1868 3575 Greek
1893 3536 2294 3584 commentators,
2316 3526 2503 3590 though
2524 3535 2607 3574 not
2632 3542 2748 3575 con·

331 3601 494 3664 βησέιν
527 3620 576 3651 τι
610 3603 651 3651 is
685 3603 926 3653 rendered
955 3607 1167 3669 “neque
1190 3606 1342 3655 nociti
1376 3615 1490 3656 sunt
1594 3608 1727 3656 fined
1763 3618 1815 3657 to
1849 3609 1984 3657 them
1997 3606 2023 3630 ’'
2062 3609 2357 3672 (Lightsoot,
2392 3609 2664 3666 Galatiam,
2696 3626 2741 3673 p.

333 3685 597 3751 aliquid.'']
1600 3693 1723 3749 187:
1765 3688 1825 3738 cf.
1866 3689 1928 3736 ib.
1965 3705 2014 3753 p.
2048 3705 2154 3751 174,
2194 3689 2358 3738 where
2392 3689 2490 3736 Th.
2529 3689 2568 3737 is
2598 3690 2749 3753 justly

400 3785 462 3817 ne
510 3769 620 3833 quis
671 3785 747 3817 me
797 3770 957 3830 exist„
1002 3770 1115 3831 δια]
1183 3771 1359 3835 Chrys.
1410 3773 1493 3822 οὐκ
1593 3772 1808 3834 charged
1834 3771 1954 3820 with
1986 3772 2227 3835 ‘slurring
2261 3787 2379 3820 over
2413 3770 2496 3819 the
2531 3771 2750 3834 preposi-

333 3853 431 3901 οἷόν
475 3870 532 3900 τε
573 3849 657 3900 τὸν
698 3856 921 3911 τοιαύτης
960 3852 1309 3904 ἀπολαύσαντα
1356 3858 1490 3915 θερα-
1594 3853 1727 3902 tion’
1753 3850 1827 3914 [δι’
1851 3850 2153 3912 ἀσθένειαν]).
2237 3851 2373 3900 Th's.
2400 3852 2678 3915 exposition
2702 3850 2759 3898 of

335 3935 474 3982 τείας
495 3934 549 3982 ἐκ
572 3934 815 3982 κακονοίας
836 3937 992 3983 ταῦτα
1016 3937 1194 3996 λέγειν.
1594 3935 1678 3983 the
1713 3945 1922 3998 cognate
1963 3951 2168 3999 passage
2210 3935 2259 3982 in
2303 3951 2328 3983 2
2366 3935 2485 3982 Cor.
2523 3934 2607 3981 xii.
2646 3947 2671 3994 7
2711 3933 2753 3980 is

404 4031 476 4065 11.
527 4032 634 4064 eam
656 4033 779 4080 quae
803 4017 858 4065 in
885 4026 1011 4081 corp.
1041 4025 1109 4066 est
1130 4016 1265 4077 trib]
1301 4018 1387 4066 i.e.
1413 4018 1492 4066 his
1596 4017 1829 4080 wanting,
1866 4017 1953 4065 but
1991 4018 2027 4065 it
2066 4017 2106 4065 is
2136 4015 2389 4064 doubtless
2423 4013 2651 4062 reflected
2688 4013 2754 4075 by

333 4098 506 4162 bodily
529 4100 787 4164 sufferings
811 4101 1031 4150 endured
1066 4101 1141 4150 sor
1173 4101 1257 4151 the
1291 4102 1410 4150 sake
1444 4101 1502 4151 of
1596 4098 1777 4147 Thdt.:
1821 4098 2079 4160 ἄγγελον
2121 4096 2220 4160 ’γὰρ
2250 4095 2440 4145 Σατᾶν
2473 4096 2559 4144 τάς
2594 4095 2756 4156 ὕβρεις

334 4181 420 4230 the
456 4181 645 4245 Gospel
665 4199 679 4241 ;
725 4181 785 4230 cf.
831 4198 896 4230 on
936 4182 998 4230 vi.
1046 4198 1118 4244 17,
1161 4183 1283 4241 ὑπὲρ
1318 4181 1372 4242 ἧς
1403 4182 1493 4243 [sc.
1597 4185 1785 4232 καὶτὰς
1807 4184 2051 4242 παροινίας
2076 4182 2261 4229 καὶτὰς
2282 4182 2378 4227 τῶν
2395 4176 2554 4235 δήμων
2575 4179 2752 4225 &rava-

332 4261 419 4320 τῆς
439 4258 525 4310 τοῦ
549 4262 640 4324 Χρ.
665 4261 949 4324 ὁμολογίας]
971 4264 1140 4324 μικροῦ
1176 4265 1498 4324 κατέστιγμαι
1598 4260 1794 4309 στάσεις
1817 4257 2061 4308 ἐκάλεσεν.

335 4342 393 4391 τὸ
428 4347 582 4402 σῶμα.
649 4346 719 4396 So
740 4346 894 4395 Thdt.
924 4347 996 4394 od
1012 4346 1138 4404 h.l.‚
1165 4348 1356 4399 πολλὴν
1391 4349 1498 4403 ἔφε-
1665 4343 1805 4390 With
1854 4341 2050 4403 Chrys.‚
2097 4340 2247 4388 Thdt.
2302 4339 2399 4386 and
2451 4337 2598 4394 Oec.‚
2651 4337 2751 4386 Th.

335 4441 418 4484 ρον
451 4428 532 4473 ἐπὶ
562 4424 648 4475 τοῦ
668 4429 889 4483 σώματος
921 4423 1145 4484 α’τιμίανε
1182 4427 1280 4474 and
1317 4426 1496 4488 Chrys·
1597 4440 1755 4473 seems
1780 4432 1832 4473 to
1855 4423 1980 4471 have
2005 4422 2120 4469 read
2143 4418 2226 4468 τὸν
2250 4417 2512 4480 πειρασμόν
2533 4436 2638 4477 μου.

337 4508 590 4572 similarly,
643 4506 705 4557 τὰ
760 4508 897 4567 πάθη
953 4512 1032 4557 καί
1081 4510 1189 4559 τοὺς
1245 4509 1495 4568 διωγμούς·
1672 4523 1743 4567 14.
1809 4506 1856 4555 h.
1896 4521 1932 4552 e.
1975 4504 2059 4551 ubi
2089 4512 2155 4552 est
2187 4504 2228 4551 b.
2264 4502 2325 4563 i.]
2402 4503 2471 4550 So
2507 4501 2662 4550 Thdt.
2700 4504 2755 4549 τὸ

2417 4619 2578 4685 5-2
