3293 5233
1077 374 1161 424 m
1211 374 1315 425 ΕΡ.
1359 373 1463 423 AD
1506 373 2029 434 coLossssnssss.
2617 375 2740 444 ²95

320 357 412 424 11.
454 361 747 445 19-—21.]

315 539 606 604 elatione
628 549 856 605 tamen
886 559 1118 604 sensus
1148 540 1249 604 sui
1283 540 1400 605 illa
1430 540 1661 606 dieunt
1690 561 1864 625 quae
1893 539 2259 621 nesciunt,*
2281 551 2351 607 et
2379 542 2744 608 ostendunt

314 640 472 721 quia
501 660 637 704 non
669 642 842 705 iuste
872 638 1142 706 dicunt.’

442 770 507 823 et
554 781 679 823 non
733 772 948 824 tenens
979 772 1181 844 caput,
1218 782 1297 825 ex
1321 783 1444 844 quo
1485 784 1669 827 omne
1703 775 1927 848 corpus
1952 775 2080 848 per
2106 775 2314 831 tactus
2338 775 2402 831 et
2430 787 2741 833 connexus

311 865 880 931 subministratum
908 877 972 930 et
994 875 1352 948 coaptatum
1379 868 1601 931 crescit
1627 867 2083 933 incrementum
2121 869 2267 935 Dei.

446 1001 631 1061 ‘cum
668 998 1024 1062 conueniat
1065 1019 1186 1062 uos
1231 998 1347 1064 illa
1386 1001 1642 1078 sectari,
1689 1022 1863 1084 quae
1911 1001 2155 1068 Christi
2202 1013 2397 1081 sunt;
2442 1002 2510 1068 in
2551 1002 2738 1069 cuius

314 1100 626 1166 affectum
661 1100 874 1185 [dum]
908 1122 1263 1186 commune
1292 1124 1533 1185 corpus
1573 1105 1953 1169 continetur
1982 1106 2350 1170 secundum
2381 1107 2735 1173 subminis-

314 1210 558 1265 tratam
584 1203 713 1265 illis
745 1203 926 1266 illam
956 1204 1261 1285 gratiam,
1287 1204 1451 1268 illud
1476 1206 1657 1288 quod
1691 1208 2055 1271 secundum
2083 1208 2306 1272 Deum
2329 1218 2432 1272 est
2454 1210 2735 1291 potestis

313 1307 526 1372 facere
572 1308 1088 1372 incrementum!
1178 1317 1246 1372 et
1296 1309 1452 1373 dein
1502 1311 1588 1373 ab
1640 1308 1773 1373 illis
1820 1330 1993 1392 quae
2038 1320 2194 1374 ante
2238 1322 2428 1375 erant
2466 1320 2735 1378 ostensa

313 1407 527 1475 facere
558 1420 869 1495 properat
899 1409 1438 1474 exhortationem
1464 1430 1480 1474 ε

434 1549 503 1613 si
528 1548 773 1614 mortui
786 1549 940 1614 estis
965 1571 1109 1614 cum
1137 1548 1392 1614 Christo
1419 1548 1503 1613 ab
1529 1548 1850 1613 elementi-s·
1875 1548 2073 1612 lzuz'us
2101 1549 2347 1627 mundi,
2378 1550 2543 1632 quid
2565 1559 2733 1615 tam-

309 1673 506 1733 quam
551 1653 838 1717 uiuentes
877 1652 947 1715 in
995 1651 1235 1717 mundo
1276 1651 1617 1715 decernitis
1634 1672 1661 1715 .·
1713 1658 1814 1716 ‘ne
1849 1664 2084 1736 tangas
2127 1675 2320 1736 neque
2353 1654 2733 1736 gustaueris

311 1774 503 1835 neque
529 1765 863 1818 contrectes
880 1752 894 1777 '
909 1753 944 1816 ἰ

438 1877 529 1940 ‘si
582 1898 740 1959 ergo
788 1878 882 1940 sic
931 1876 1215 1940 instituti
1263 1877 1437 1953 estis
1470 1876 1661 1959 quasi
1701 1877 1815 1960 qui
1849 1877 1982 1942 iam
2014 1887 2083 1943 et
2126 1877 2522 1943 commortui
2568 1880 2729 1944 estis

309 1978 574 2044 Christo
605 1989 673 2042 et
702 1980 1209 2042 consurrexistis
1240 1988 1308 2041 et
1338 1987 1534 2041 extra
1563 1987 1815 2041 statum
1847 1978 2037 2042 istius
2078 1979 2258 2042 uitae
2302 1978 2463 2042 estis
2508 1977 2726 2044 effecti

312 2076 463 2159 (hoc
493 2079 670 2141 enim
718 2079 880 2143 dicit
925 2080 1008 2144 ab
1045 2078 1367 2144 elementis
1406 2077 1643 2142 mundi
1665 2079 1929 2161 huius),·
1969 2100 2104 2162 qua
2135 2080 2389 2143 ratione
2419 2081 2609 2162 quasi
2657 2081 2723 2144 in

304 2180 634 2260 praesenti
666 2182 805 2244 uita
835 2190 1303 2245 conuersantes
1334 2180 1638 2262 patimini
1671 2180 1819 2243 illos
1848 2181 1960 2262 qui
1995 2179 2175 2263 leges
2207 2180 2397 2244 uobis
2420 2189 2724 2244 statuunt

304 2342 837 2427 ἐπιδεικνυμένοις
880 2345 988 2411 καὶ
1016 2344 1441 2428 βουλομένοις
1471 2343 1617 2414 τοὺς
1654 2341 1967 2427 ὢγγέλους
2012 2341 2486 2431 προβαλέσθαι
2514 2369 2723 2430 προσ·

301 2442 512 2533 ε’χητε·
542 2444 667 2513 ὑπὸ
695 2446 822 2535 «γὰρ
852 2448 1057 2532 τύφου
1085 2444 1367 2518 διανοίας
1394 2443 1709 2531 λέγουσιν
1738 2443 1785 2509 ἃ
1809 2445 1901 2528 μὴ
1938 2445 2200 2511 ἴσασιν.’

1948 2632 1981 2677 4
2013 2612 2067 2663 in
2091 2612 2198 2678 (bes
2214 2611 2358 2677 incr.)
2381 2613 2486 2663 add
2506 2614 2550 2663 C
2569 2614 2719 2676 (corr)

1674 2712 1693 2744 1
1710 2711 1728 2744 ι
1766 2694 1820 2745 in
1842 2697 2031 2745 mundo
2051 2712 2130 2745 om
2153 2697 2223 2745 H
2446 2712 2504 2761 13
2538 2696 2718 2747 consti·

402 2628 422 2663 1
461 2630 607 2664 sensu
629 2630 662 2662 r
683 2612 693 2671 Ι
722 2631 815 2665 nec
836 2621 951 2665 sunt
972 2612 1088 2679 (sor
1106 2614 1266 2676 nese.)
1295 2613 1365 2663 C*
1386 2630 1419 2662 r

301 2692 334 2744 6
370 2696 602 2746 effectum
630 2697 792 2746 cHr
1016 2698 1136 2746 dum
1159 2712 1236 2745 om
1266 2696 1426 2745 CHr

301 2774 397 2824 tuti
418 2775 445 2823 l
638 2775 699 2826 16
730 2776 1094 2826 conuersamini
1116 2777 1185 2825 H

370 2925 414 2960 ι.
481 2909 574 2959 illa
605 2911 778 2961 dicunt
808 2928 935 2976 quae
966 2913 1203 2971 nesciunt]
1309 2906 1452 2961 With
1556 2908 1708 2969 φησίν
1729 2907 1959 2973 (Cramer
1979 2908 2046 2958 vi.
2071 2909 2203 2973 326).

302 2984 499 3048 Chrys„
527 2985 701 3045 Thdt.,
731 2988 916 3052 Pelag.‚
945 2989 1045 3037 and
1074 2989 1159 3038 the
1194 2990 1318 3038 later
1346 2988 1452 3038 Gk.

297 3074 699 3128 commentator-S,
729 3069 829 3118 Th.
853 3071 971 3119 read
1004 3066 1041 3118 ot
1059 3068 1130 3130 μὴ
1151 3070 1370 3134 ἑώρακεν.

363 3160 410 3209 3.
476 3165 540 3197 ex
589 3166 684 3214 quo
727 3167 870 3199 omne
907 3159 1096 3215 corpus,
1148 3153 1264 3213 δια]
1355 3152 1453 3202 See

295 3237 441 3279 notae
476 3246 544 3279 on
585 3232 670 3280 the
694 3232 903 3295 parallel
937 3249 1162 3297 passage,
1204 3233 1339 3296 Eph.
1371 3245 1444 3283 lv,

303 3307 363 3358 16
386 3310 456 3374 (p.
492 3309 622 3374 170).
692 3312 803 3361 The
825 3314 990 3362 words
1018 3313 1451 3361 subministratum

302 3393 528 3440 ...crescit
560 3408 646 3443 are
682 3409 915 3443 common
950 3402 1003 3444 to
1039 3393 1125 3445 the
1159 3394 1224 3444 0.
1251 3396 1313 3443 L.
1349 3396 1448 3444 and

294 3468 483 3534 Vulg.;
538 3472 895 3522 incrementum
937 3473 1045 3538 (but
1090 3475 1339 3539 preceded
1383 3476 1451 3539 by

295 3552 380 3602 the
423 3570 564 3618 prep.
605 3555 681 3615 in)
723 3555 766 3603 is
801 3556 887 3606 the
926 3556 990 3606 Ο.
1043 3558 1100 3607 L.
1151 3557 1450 3621 rendering3

290 3638 449 3682 tactus
488 3635 595 3699 (pp.
643 3651 750 3699 154,
801 3637 833 3686 l.
882 3654 922 3695 1,
968 3644 1123 3698 note;
1172 3651 1282 3701 170,
1317 3640 1352 3688 l.
1400 3654 1443 3700 1,

292 3712 428 3778 note)
453 3714 495 3763 is
515 3716 665 3780 given
687 3717 805 3780 only
825 3716 895 3780 by
916 3718 1206 3768 Tichonius.

357 3806 404 3854 5.
472 3794 530 3842 in
573 3796 717 3845 cuius
758 3797 1002 3860 affectum,
1039 3798 1155 3859 δια]
1224 3798 1322 3849 See
1359 3814 1440 3848 W.

287 3869 344 3918 ll.
413 3872 712 3938 Something
755 3875 798 3924 is
843 3876 999 3940 faulty
1043 3893 1100 3926 or
1131 3877 1355 3942 wanting
1392 3878 1446 3926 in

288 3948 374 4000 the
398 3951 557 4001 MSS.
627 3954 654 4002 1
685 3953 814 4005 have
844 3956 1066 4020 adopted
1083 3954 1304 4019 Jacobi's
1325 3971 1443 4005 con·

279 4027 473 4091 jecture
502 4031 745 4095 affictum,
776 4036 877 4083 and
909 4035 1037 4085 have
1069 4036 1237 4084 added
1265 4051 1297 4083 a
1324 4051 1442 4084 con-

276 4109 524 4173 junction‚
575 4114 786 4165 without
843 4117 996 4181 being
1044 4117 1266 4167 satisfied
1318 4117 1440 4166 with

281 4188 439 4238 either
484 4193 767 4256 expedient.
835 4195 913 4243 Dr
947 4197 998 4259 J.
1035 4202 1260 4259 suggests
1302 4194 1442 4243 illius

273 4270 496 4330 gratiam
507 4290 529 4329 ,·
562 4273 651 4323 but
669 4290 786 4338 may
802 4283 890 4324 not
910 4276 1054 4324 illam
1078 4282 1330 4340 represent
1354 4276 1438 4324 the

282 4347 491 4398 article?
555 4352 738 4418 Comp.
761 4370 811 4418 p.
848 4365 956 4416 170,
979 4355 1034 4404 11.
1065 4370 1140 4415 11,
1168 4370 1244 4419 sq.

383 4442 426 4491 7.
476 4435 610 4496 quod
624 4452 706 4485 sec.
733 4438 899 4486 Deum
921 4439 1015 4499 est]
1049 4438 1137 4497 τὴν
1158 4437 1285 4486 κατὰ
1307 4433 1438 4493 θεόν,

1627 3002 1703 3036 ιο.
1768 2989 1922 3038 huius
1959 2990 2162 3050 mundi]
2186 2989 2329 3039 :rofi
2371 2991 2571 3049 κόσμου.
2645 2992 2717 3043 So

1555 3066 1709 3131 Vulg.
1735 3069 1814 3118 Cf.
1840 3069 2060 3129 Ronsch,
2086 3071 2237 3130 Itala,
2268 3087 2319 3134 p.
2344 3085 2456 3132 420.

1625 3168 1699 3201 11.
1771 3153 2047 3214 decmu'tis]
2116 3154 2186 3202 So
2208 3161 2338 3202 most
2370 3153 2430 3203 of
2454 3154 2540 3204 the
2564 3154 2715 3203 Latin

1552 3234 1845 3284 authorities
1870 3234 2044 3297 (Tem,
2070 3235 2359 3284 sententiam
2365 3236 2554 3300 seriis).
2601 3237 2714 3286 The

1551 3328 1736 3361 comm.
1782 3314 1942 3362 shews
1996 3314 2105 3363 that
2161 3316 2278 3363 Th.·
2301 3314 2488 3379 rightly
2532 3318 2711 3367 under·

1551 3390 1698 3439 stood
1724 3391 2072 3450 δογματίζεσθε
2095 3408 2149 3440 as
2171 3392 2369 3456 passive
2388 3408 2402 3451 ;
2424 3393 2487 3441 cs.
2515 3393 2672 3443 Thdt.
2696 3413 2710 3445 ε

1552 3471 1656 3518 πῶς
1697 3472 1857 3518 τοίνυν
1901 3473 1997 3518 τῶν
2043 3468 2204 3522 ταῦτα
2248 3473 2568 3523 διδασκόντων
2608 3473 2711 3524 dv&-

1549 3554 1741 3614 χεσθε;
1825 3552 2018 3618 Thpht.
2047 3570 2062 3604 ε
2138 3556 2437 3617 διακωμῳδεῖ
2514 3557 2529 3582 ‘
2548 3557 2710 3618 δογμ.’

1548 3635 1715 3681 εἰπών.
1784 3633 1844 3682 ὡς
1880 3636 1979 3695 γὰρ
2015 3636 2185 3684 παιδία
2219 3636 2460 3697 ἀρτιμαθῆ
2494 3639 2711 3697 καθῆσθε

1548 3710 1734 3771 (φησὶν)
1775 3713 2167 3773 δογματιζόμενοι
2203 3717 2283 3763 καὶ
2315 3713 2709 3775 νομοθετούμενοι

1543 3795 1594 3842 τί
1649 3796 1724 3842 δεῖ
1772 3798 1942 3844 ποιεῖν.
2028 3797 2150 3846 And
2198 3814 2256 3847 so
2302 3798 2463 3848 Oec.:
2512 3800 2566 3846 οὐ
2606 3800 2707 3860 γὰρ

1544 3876 1681 3925 εἶπεν
1756 3878 2169 3940 δογματίζετε,
2229 3876 2357 3928 ἀλλὰ
2425 3880 2703 3938 δογματί-

1544 3958 1733 4020 ζεσθε,
1759 3957 1820 4007 ὡς
1842 3961 1897 4007 ἐν
1918 3958 2047 4019 τάξει
2066 3961 2298 4018 μαθητῶν
2320 3960 2608 4018 καθημένων.

1607 4053 1671 4086 ne
1699 4043 1892 4102 tangus,
1933 4040 2047 4101 δια]
2117 4040 2289 4103 Vulg..
2341 4042 2450 4089 “ne
2484 4042 2702 4105 tetigeri-

1539 4115 1661 4177 tis‚”
1683 4119 1775 4168 διο.
1843 4120 1906 4168 Si
1922 4121 2382 4184 ergo—mundih.;
2415 4121 2683 4172 Laustanc.

1612 4207 1689 4257 15.
1756 4198 1843 4246 hoc
1886 4200 2022 4248 enim
2067 4200 2186 4248 dicit
2235 4199 2323 4248 ‘ab
2365 4198 2535 4259 elem.’,
2583 4202 2701 4265 δια]

1539 4274 1619 4324 Cf.
1653 4292 1704 4341 p.
1737 4277 1820 4335 60,
1851 4278 1886 4326 1.
1931 4295 2005 4336 12,
2031 4288 2165 4340 note,
2194 4281 2296 4329 and
2328 4296 2395 4330 on
2432 4281 2543 4330 Col.
2572 4281 2625 4330 ii.
2651 4286 2697 4332 8.

1536 4355 1648 4406 The
1672 4358 1907 4421 meaning
1921 4358 1963 4406 is
1985 4358 2104 4409 here
2117 4361 2391 4410 somewhat
2408 4362 2663 4426 amplified
2687 4382 2698 4412 ε

1536 4444 1549 4468 ⁶
1571 4440 1658 4490 the
1681 4441 1965 4492 conditions
1989 4441 2049 4490 of
2064 4444 2162 4493 this
2185 4454 2382 4506 present
2406 4443 2524 4493 life.’

2769 1579 2847 1627 10
