3293 5233
573 422 660 502 84
1239 433 1694 487 ‘rnssononus
1743 433 2326 486 MOPSUESTENUS
2536 419 2679 503 [IV.
2716 435 2988 503 ²7—29

701 605 1013 689 smptum
1059 614 1155 668 est
1197 603 1370 668 enim
1391 624 1416 668 .·
1462 596 1745 679 ‘laetam
1792 602 2037 667 sterilis
2081 624 2245 684 quae
2286 623 2410 667 non
2447 603 2684 686 paris,·
2735 616 2996 687 erumpe

571 718 638 772 et
662 709 889 785 clama,
921 728 1086 790 quae
1114 727 1239 769 non
1255 706 1603 788 parturis,·
1663 703 1970 788 quoniam
2024 704 2222 768 multi
2250 704 2402 788 filii
2441 705 2726 768 desertae
2773 707 2993 786 magis

575 829 774 890 quam
804 808 944 872 eius
971 828 1134 892 quae
1158 807 1348 871 habet
1375 806 1628 871 uirum!
2330 800 2339 809 ’

707 933 835 998 hoc
865 954 999 998 non
1029 943 1377 1017 tamquam
1407 932 1797 1017 prophetice
1826 932 1912 996 de
1943 933 2418 998 resurrectione
2449 935 2700 998 dictum
2731 935 2986 1018 posuit;

511 1036 696 1117 ssed
764 1037 1223 1101 testimonium
1278 1037 1527 1101 abusus
1574 1045 1679 1101 est
1731 1043 2006 1119 propter
2056 1057 2303 1101 nomen
2357 1037 2618 1112 sterilis,
2670 1059 2751 1102 eo
2802 1036 2985 1121 quod

574 1139 867 1205 sterilem
920 1141 1352 1205 constitutam
1401 1139 1670 1205 Sarram
1726 1140 1792 1202 in
1842 1139 2141 1202 ordinem
2177 1141 2451 1204 secundi
2497 1142 2740 1223 accipit
2783 1149 2988 1206 testa·

578 1242 828 1322 menti;
897 1253 970 1307 ut
1030 1244 1208 1306 dicat
1282 1242 1598 1325 quoniam
1662 1242 1925 1307 ‘omnia
1997 1241 2111 1306 illa
2182 1251 2375 1307 erunt
2447 1255 2710 1326 praeter
2780 1265 2988 1327 spem.

578 1366 1016 1429 exsurgemus
1070 1348 1246 1412 enim
1290 1347 1403 1430 qui
1454 1347 1697 1411 mortui
1746 1364 2019 1422 sumus;
2060 1347 2153 1409 ita
2206 1355 2278 1409 ut
2331 1356 2398 1410 et
2447 1367 2723 1410 numero
2773 1349 2986 1412 multo

578 1449 933 1534 ampliores
993 1453 1082 1516 ab
1129 1450 1260 1515 illis
1307 1450 1738 1514 inueniamur.
1831 1449 2045 1513 multo
2097 1449 2274 1512 enim
2328 1449 2684 1532 ampliores
2742 1451 2986 1515 erimus

475 1553 691 1636 loqui
751 1554 820 1617 in
880 1554 1008 1619 hoc
1066 1554 1515 1619 concurrimus
1574 1561 1998 1617 testamento.
2087 1549 2181 1612 illi
2244 1550 2421 1613 enim
2484 1553 2598 1635 qui
2653 1553 2778 1616 sub
2838 1552 2986 1636 lege

576 1665 733 1720 sunt
792 1666 1217 1734 testamentO,
1263 1675 1427 1739 gens
1487 1663 1588 1718 est
1650 1675 1798 1719 una.
1910 1673 2030 1717 nos
2106 1672 2262 1714 uero
2324 1654 2436 1734 qui
2499 1654 2986 1718 resurrectionis

577 1766 1056 1823 testamentum
1117 1757 1392 1840 adsequi
1453 1756 1799 1832 habemuS,
1861 1778 2094 1821 omnes
2147 1777 2377 1822 sumus
2430 1757 2587 1821 filii.’
2678 1757 2857 1820 unde
2918 1766 2986 1820 et

578 1860 817 1925 adicit:

706 2008 820 2051 nos
835 1996 1066 2063 autem,
1079 1987 1359 2068 fratres,
1386 1985 1732 2049 secundum
1762 1985 1954 2050 Isaac
1961 1986 2416 2069 promissionis
2440 2011 2668 2054 sumus
2676 1989 2841 2075 filii.

473 2135 543 2201 ¹5
707 2115 886 2196 quod
964 2114 1182 2178 dixit:
1271 2113 1616 2176 secundum
1675 2111 1881 2188 Isaac,
1942 2112 2068 2175 hoc
2114 2122 2231 2185 est,
2288 2115 2565 2178 ‘erimus
2617 2118 2981 2180 secundum

580 2214 809 2292 Isaac;
858 2233 990 2276 non
1040 2213 1407 2277 secundum
1464 2222 1791 2290 naturam,
1841 2212 1960 2276 sed
2003 2214 2367 2276 secundum
2422 2217 2724 2296 gratiam.
2812 2219 2985 2282 sicut

576 2315 754 2378 enim
790 2315 980 2378 Isaac
1006 2326 1273 2396 praeter
1302 2333 1571 2377 omnem
1604 2335 1794 2396 spem
1828 2323 2026 2377 natus
2071 2325 2213 2391 est3
2262 2335 2344 2377 eo
2384 2317 2566 2397 quod
2617 2325 2684 2380 et
2729 2320 2982 2398 gratiae

577 2424 678 2479 est
730 2416 1135 2492 resurrecti0‚
1170 2435 1301 2480 non
1335 2415 1645 2480 naturae.’
1735 2425 1802 2478 et
1833 2416 2147 2497 quoniam
2180 2415 2268 2478 ab
2298 2414 2424 2478 illis
2454 2437 2626 2499 quae
2657 2418 2723 2480 in
2754 2419 2980 2482 diuina

575 2530 686 2582 ten
695 2528 886 2582 entur
903 2519 1227 2602 scriptura
1237 2518 1549 2603 probauit
1567 2526 2119 2582 testamentorum
2145 2518 2604 2597 differentiam,
2623 2521 2980 2586 ostendens

464 2648 549 2696 20
576 2623 893 2706 quoniam
938 2623 1204 2689 illorum
1252 2644 1424 2707 quae
1468 2623 1838 2688 secundum
1886 2631 2196 2698 naturam
2237 2631 2413 2700 sunt,
2455 2624 2671 2690 multo
2707 2625 2981 2691 meliora

572 2735 729 2790 sunt
760 2724 873 2790 illa
903 2747 1077 2810 quae
1106 2727 1473 2790 secundum
1504 2726 1823 2808 gratiam;
1872 2726 2017 2808 ipsa
2046 2747 2207 2809 ergo
2237 2726 2578 2810 praeditus
2617 2729 2981 2811 sequentia,

574 2828 775 2892 etiam
808 2828 1268 2910 praesentibus
1292 2827 1591 2891 abutitur
1620 2827 1907 2910 negotiis
1933 2848 1948 2891 ε

699 2948 818 3012 sed
865 2947 1034 3012 sicut
1083 2948 1280 3032 [tunc]
1338 2948 1400 3010 is
1448 2948 1565 3029 qui
1607 2946 1954 3010 secundum
2012 2967 2270 3010 carnem
2321 2957 2517 3010 natus
2565 2958 2722 3023 erat,
2769 2960 2979 3030 perse-

570 3049 884 3131 quebatur
924 3072 1068 3114 eum
1116 3050 1233 3132 qni
1263 3050 1606 3113 secuudum
1642 3048 1990 3131 Spiritum,
2021 3048 2118 3111 sic
2159 3060 2223 3111 et
2262 3070 2442 3113 nunc.

668 3197 697 3232 α
733 3185 920 3235 multae
943 3183 1076 3234 filiae
1102 3184 1147 3233 C
1163 3183 1232 3233 H
1367 3193 1395 3246 7
1428 3190 1569 3234 erant
1590 3182 1660 3232 H
2395 3199 2447 3235 ιι
2487 3185 2882 3236 recsurrectionis
2909 3186 2979 3237 C*

575 3278 632 3315 η
669 3265 759 3315 filii
790 3281 870 3315 om
891 3266 960 3316 H
1145 3279 1206 3314 22
1229 3264 1509 3329 praesentia
1530 3264 1598 3313 H

567 3380 757 3430 known
810 3387 864 3429 to
914 3379 1000 3429 the
1050 3378 1305 3438 lexicons;
1365 3393 1447 3428 see
1492 3378 1727 3426 however
1828 3376 2099 3439 ἅρμοζούσῃ
2157 3378 2257 3427 τοῖς
2309 3375 2715 3440 ἀποδεδειγμένοις
2822 3380 2983 3447 ὥσπερ

570 3458 795 3508 Paucker
818 3456 990 3521 (melet.
1018 3457 1174 3506 [αὴ-ί.
1198 3458 1287 3506 alt.
1312 3474 1362 3523 p.
1395 3455 1492 3521 22),
1524 3457 1624 3506 and
1655 3458 1717 3507 cf.
1825 3455 1907 3506 οὖν
1928 3459 2007 3506 καὶ
2030 3456 2165 3516 ἡμεῖς
2185 3457 2303 3521 ἄχρι
2324 3459 2413 3518 τῆς
2436 3461 2570 3524 δεῦρο
2592 3458 2644 3510 ἐν
2675 3464 2779 3513 ταῖς
2811 3460 2978 3523 ἐκκλη-

567 3554 704 3604 supr.
729 3554 780 3603 p.
806 3537 885 3597 66,
914 3538 945 3588 l.
983 3554 1056 3588 10.
1825 3541 2095 3589 σιαστικαῖς
2118 3541 2386 3599 διαλέξεσιν
2409 3543 2685 3604 μαρτυρίαις
2716 3546 2981 3607 συγκεχρή·

1804 3196 1863 3231 ιο
1895 3182 2019 3246 legis
2045 3183 2091 3233 C
2110 3181 2257 3246 (corr)

1786 3278 1847 3325 23
1882 3271 1999 3314 tune
2020 3280 2098 3313 om
2127 3265 2260 3315 CH

634 3636 680 3670 α.
741 3621 893 3669 multi
913 3620 1041 3684 filii]
1109 3622 1204 3671 See
1227 3637 1306 3670 w.
1331 3620 1386 3668 11.
1454 3621 1565 3670 The
1604 3619 1721 3670 sem.

566 3723 659 3758 can
682 3708 801 3771 only
822 3706 886 3755 be
908 3721 939 3754 a
959 3702 1191 3769 copyist's
1213 3720 1348 3753 error
1376 3704 1561 3768 arising
1594 3705 1721 3753 from

566 3789 652 3839 the
674 3787 940 3854 proximity
963 3786 1021 3835 os
1033 3786 1248 3835 desertae.

630 3891 679 3934 4.
770 3887 872 3920 non
942 3877 1200 3934 tamquam
1261 3870 1546 3934 prophetice,
1602 3869 1722 3930 διε-1

566 3951 812 4003 Lansrane
834 3952 934 4002 and
960 3952 1149 4001 Robert
1173 3951 1232 4001 of
1250 3953 1307 4002 B.
1337 3953 1599 4017 epitomize
1623 3954 1722 4003 this

564 4051 787 4100 passage,
826 4033 1061 4098 omitting
1093 4049 1194 4083 non
1226 4039 1265 4082 t.
1295 4035 1472 4099 proph.
1510 4035 1610 4084 and
1644 4034 1723 4084 sor

561 4133 727 4167 omnes
767 4133 939 4166 sumus
965 4115 1081 4179 filii
1118 4116 1441 4181 substituting
1482 4133 1542 4165 ex
1583 4118 1725 4166 omni

557 4206 697 4264 gente
713 4215 901 4248 sumus.
1349 4209 1356 4216 ’

629 4279 774 4329 With
795 4280 939 4330 Th.’s
969 4279 1148 4330 refusal
1183 4286 1236 4330 to
1270 4280 1524 4344 recognize
1556 4296 1588 4330 a
1620 4281 1719 4329 dis·

562 4362 686 4412 tinet
720 4362 997 4428 prediction
1032 4362 1084 4411 in
1120 4361 1236 4411 lsai.
1262 4361 1346 4412 liv.
1381 4378 1424 4418 ι,
1448 4377 1610 4426 comp.
1643 4362 1720 4409 his

562 4444 784 4493 remarks
806 4461 872 4492 on
897 4445 1046 4493 Rom.
1075 4444 1142 4494 iii.
1179 4458 1251 4504 12,
1280 4443 1348 4505 τῇ
1364 4445 1601 4506 μαρτυρίᾳ
1629 4446 1719 4504 οὐχ

562 4523 623 4574 ὥς
645 4526 952 4585 Ιπροφητυηίῐς
980 4526 1200 4586 εἰρημένῃ
1223 4521 1486 4586 ἐχρήσατο,
1517 4524 1624 4573 ἀλλ’
1660 4526 1720 4573 ὡς

1825 3622 1966 3677 μεθα,
2002 3620 2065 3670 ὡς
2103 3619 2166 3668 ἅν
2199 3621 2419 3685 ἁρμόζειν
2459 3624 2731 3681 δυναμέναις
2765 3623 2864 3674 ἀπὸ
2897 3625 2982 3687 τῆς

1824 3703 2028 3750 διανοίας
2049 3704 2147 3751 τοῖς
2169 3701 2278 3764 Ιπαρ’
2297 3701 2431 3761 ἡμῶν
2451 3706 2740 3766 λεγομένοις.
2806 3709 2878 3758 Ib.
2909 3709 2974 3758 ix.

1823 3798 1902 3846 25,
1935 3801 1984 3833 x.
2025 3788 2098 3845 18,
2137 3785 2203 3836 xi.
2245 3800 2291 3849 9.
2366 3784 2461 3835 See
2498 3786 2763 3848 Fritzsche‚
2792 3789 2849 3837 de
2866 3805 2913 3836 v.
2936 3798 2984 3838 et

1818 3882 1911 3916 scr.
1951 3868 2002 3915 T
1992 3867 2040 3916 h.
2070 3882 2118 3930 p.
2152 3878 2211 3928 35
2237 3883 2329 3930 sq„
2359 3866 2467 3916 Toe
2492 3868 2680 3924 Water‚
2705 3885 2756 3932 p.
2789 3885 2880 3919 100
2900 3887 2974 3934 sq.

1893 3967 1966 4001 11.
2015 3951 2365 4015 qui...adscqui
2378 3951 2625 4013 habemus]
2657 3955 2702 4000 ol
2722 3955 2981 4011 μέλλοντες

1819 4027 2095 4092 ἐπιτυχεῖνε
2132 4031 2193 4080 cf.
2228 4030 2444 4091 Ronsch,
2475 4032 2625 4090 Itala,
2654 4047 2737 4096 pp.
2759 4046 2869 4095 447,
2899 4049 2972 4098 sq.

1892 4130 1968 4175 14.
2033 4130 2122 4163 nos
2215 4115 2408 4176 sumus]
2467 4116 2536 4165 So
2561 4116 2756 4180 Chrys„
2787 4117 2939 4168 Thdt.

1894 4198 1966 4249 16.
2017 4200 2143 4247 sicut
2233 4200 2465 4261 naturae]
2511 4202 2595 4249 Ila
2616 4209 2662 4250 et
2685 4219 2786 4261 nos,
2816 4221 2871 4252 or
2895 4205 2979 4255 the

1821 4278 1942 4335 like,
1966 4288 2097 4329 must
2121 4279 2183 4328 be
2207 4280 2437 4344 supplied
2463 4281 2587 4330 aster
2609 4282 2746 4332 these
2772 4284 2950 4334 words.

1888 4375 1967 4410 τι.
2034 4361 2141 4424 ipsa
2176 4377 2301 4423 ergo,
2343 4361 2460 4423 δια]
2533 4363 2867 4427 “Following
2909 4382 2979 4431 up

1820 4443 1919 4493 this
1943 4444 2070 4493 train
2095 4444 2153 4493 os
2169 4443 2433 4507 thought.''
2478 4445 2611 4495 Pitra
2633 4455 2856 4510 suggests
2874 4449 2979 4511 ipsa

1812 4526 2106 4588 praevidens
2133 4529 2390 4588 sequentia.
