3293 5233
561 411 652 473 44
1003 458 1015 471 ‚
1218 407 1674 459 THEODORUS
1724 406 2308 457 MOPSUESTENUS

2508 392 2663 476 [ΙΙΙ.
2709 409 2974 475 15—17.

563 593 603 636 a
651 571 917 638 Christo
961 583 1064 639 est
1109 574 1644 638 benedictionem
1688 571 1908 637 cuncti
1961 572 2370 655 suscepimus
2396 594 2411 651 ;
2459 574 2645 636 cuius
2694 573 2976 655 promis-

564 694 713 738 sum
780 678 981 741 etiam
1059 678 1314 741 dudum
1369 677 1457 741 ad
1506 676 1861 742 Abraham
1915 676 2166 741 factum
2227 698 2374 742 esse
2425 677 2724 742 uidetur!

2816 699 2970 741 nam

566 774 730 838 illud
811 778 991 858 quod
1068 778 1263 856 dixit,
1328 787 1404 841 ut
1475 779 1546 842 in
1600 779 1923 862 gentibus,
1989 787 2058 842 et
2128 779 2387 855 iterum,
2462 787 2540 841 ut
2592 777 2975 862 promissio-

559 898 727 955 ·nem,
781 899 915 943 non
985 882 1174 963 quasi
1236 900 1324 944 ex
1396 902 1599 945 causa
1659 881 2071 945 descendens
2132 881 2328 956 dixit,
2375 882 2494 945 sed
2562 881 2724 946 illud
2792 883 2973 965 quod

502 981 863 1063 Ssequitur
909 993 1225 1047 consuete
1278 984 1543 1048 adiecit.

1633 984 1862 1067 sicque
1915 984 2091 1048 ultra
2141 993 2210 1048 et
2252 983 2590 1066 superflua
2636 984 2829 1048 nobis
2878 985 2975 1048 in-

567 1085 868 1149 uenietur
899 1087 1063 1171 legis
1095 1090 1400 1154 custodia
1430 1110 1445 1167 ;
1493 1098 1561 1153 et
1592 1089 1850 1152 nullum
1891 1089 2113 1153 locum
2162 1110 2252 1152 ex
2297 1090 2457 1172 ipsis
2501 1089 2698 1153 rebus
2728 1091 2975 1173 poterit

564 1185 827 1255 habere.

926 1190 1334 1274 superfluum
1382 1202 1449 1256 et
1510 1193 1783 1275 quidem
1854 1192 2028 1255 ultra
2104 1200 2248 1270 est3
2324 1192 2661 1255 redditum
2739 1201 2842 1256 est
2916 1194 2975 1257 ei

566 1290 866 1357 debitum
899 1316 939 1358 a
974 1294 1256 1372 Christo,
1287 1296 1468 1378 quod
1510 1318 1550 1360 a
1592 1296 1785 1359 nobis
1828 1295 2219 1359 debebatur.

2309 1294 2531 1358 locum
2575 1304 2799 1358 autem
2843 1316 2975 1359 non

562 1394 831 1472 habens,
875 1398 1191 1479 quoniam
1237 1419 1340 1462 res
1386 1418 1521 1462 non
1566 1398 1866 1463 admittit
1908 1419 2023 1461 eos
2065 1399 2177 1480 qui
2220 1398 2428 1462 semel
2466 1399 2977 1481 transmigraue-

462 1513 540 1560 10
566 1505 719 1560 runt
751 1497 817 1559 in
851 1497 1138 1562 futuram
1173 1499 1380 1564 uitam
1413 1501 1784 1583 praesentis
1817 1500 1995 1564 uitae
2025 1501 2455 1564 succumbere
2488 1501 2794 1584 negotiiS.

697 1607 766 1662 et
812 1600 1052 1665 iterum
1095 1603 1182 1666 ad
1230 1603 1700 1685 probationem
1745 1604 2041 1681 uertitur,
2075 1625 2165 1667 ex
2198 1605 2345 1686 ipso
2377 1612 2683 1686 tempore
2716 1601 2976 1667 illorum

566 1705 930 1768 ostendens
991 1726 1167 1787 quae
1224 1727 1314 1770 ex
1375 1706 1523 1790 lege
1573 1706 1835 1771 fuerant
1889 1707 2018 1771 ista
2066 1728 2239 1789 quae
2287 1707 2443 1771 fidei
2493 1715 2650 1772 sunt
2698 1707 2977 1772 honora-

567 1808 802 1873 biliora
834 1829 977 1873 esse
1005 1829 1021 1872 ε

681 1968 959 2051 fratreS,
987 1971 1330 2034 secundum
1361 1970 1679 2035 hominem
1710 1971 1848 2035 dico
1866 1991 1896 2044 ,⁰
1943 1981 2156 2036 tamen
2196 1971 2482 2036 hominis
2522 1973 2976 2057 confirmatum

466 2087 535 2152 15
571 2085 1015 2138 testamentum
1075 2097 1256 2139 nemo
1313 2077 1559 2156 spernit
1627 2085 1753 2139 aut
1819 2077 2289 2156 superordinat.

2379 2076 2441 2138 A
2457 2076 2697 2140 brahae
2765 2087 2977 2139 autem

568 2180 779 2242 dictae
803 2188 960 2241 sunt
970 2178 1447 2259 promissione&
1478 2188 1541 2240 ct
1566 2178 1807 2241 semini
1836 2180 1989 2242 eius,
2067 2200 2189 2240 non
2220 2178 2382 2241 dicit
2403 2202 2427 2242 .·
2472 2188 2487 2213 ‘
2505 2190 2568 2242 et
2592 2181 2795 2243 semin
2803 2179 2977 2254 ibus:

574 2280 769 2361 quasi
796 2281 867 2342 in
899 2281 1141 2356 multis,
1171 2281 1286 2342 sed
1309 2280 1503 2362 quasi
1531 2281 1599 2342 iu
1632 2301 1758 2342 uno
1779 2304 1803 2342 .·
1835 2287 1850 2312 ‘
1868 2290 1931 2341 et
1955 2281 2191 2343 semini
2222 2281 2361 2352 tuo,’
2391 2281 2509 2362 qui
2533 2291 2629 2344 est
2661 2281 2978 2346 Christus.

566 2381 682 2444 lzoc
716 2390 932 2444 autem
975 2381 1115 2445 dico
1140 2404 1166 2445 .·
1211 2391 1676 2456 testamentum,
1706 2391 1859 2444 ante
1896 2381 2350 2463 confirmatum
2392 2402 2435 2443 a
2475 2382 2612 2444 Deo
2654 2383 2725 2444 in
2761 2383 2981 2448 Claris-

571 2494 732 2563 tum,
767 2484 886 2547 illa
929 2504 1093 2566 quae
1117 2493 1272 2565 post
1305 2484 1813 2566 quadringentos
1853 2494 1916 2546 et
1953 2482 2234 2564 trzgw'rtta
2270 2502 2477 2545 annos
2494 2483 2693 2563 facta
2727 2494 2823 2546 est
2861 2483 2978 2558 lex,

459 2605 545 2653 20
570 2609 694 2651 non
722 2596 994 2651 euacuat
1018 2587 1113 2651 ad
1133 2586 1585 2650 destruendam
1602 2584 2117 2668 promissionem.

702 2715 926 2780 ualida
972 2715 1297 2798 probati0,
1343 2723 1410 2777 et
1455 2714 1673 2777 omnis
1719 2712 2211 2777 controuersiae
2254 2710 2590 2794 superior:
2657 2709 2979 2772 ‘hominis

572 2818 841 2902 (inquit)
878 2827 1355 2882 testamentum
1403 2838 1619 2900 neque
1666 2816 1917 2881 euoluit
1961 2816 2338 2898 quisquam,
2387 2832 2602 2895 neque
2650 2812 2982 2875 emendat.

571 2921 721 2984 Deo
779 2931 1004 2985 autem
1065 2921 1501 3004 promittente
1563 2939 1799 2983 omnes
1857 2927 2093 3001 gentes
2169 2918 2251 2981 in.
2312 2914 2662 2980 Abraham
2738 2914 2983 2977 debere

568 3025 872 3089 benedici
924 3033 990 3087 et
1042 3023 1297 3086 semine
1350 3023 1488 3085 eius
1542 3021 1750 3104 (quod
1805 3030 1872 3084 et
1927 3022 1993 3084 in
2047 3019 2390 3084 Christum
2442 3017 2797 3100 impletum
2842 3038 2985 3080 esse

460 3141 535 3207 25
572 3129 729 3211 ipsis
761 3130 954 3192 rebus
986 3127 1379 3202 inuenimuS,
1413 3127 1479 3189 in
1524 3145 1727 3207 quem
1773 3133 1839 3187 et
1882 3144 2116 3187 omnes
2162 3123 2511 3197 credimuS,
2547 3141 2626 3184 eo
2670 3118 2850 3202 quod
2897 3140 2984 3182 ex

569 3230 918 3295 Abraham
977 3231 1301 3314 originem
1378 3227 1628 3310 trahit),
1691 3236 1951 3310 patrem
2027 3247 2295 3308 quoque
2372 3226 2563 3288 nobis
2639 3223 2987 3287 Abraham

669 3409 696 3456 3
732 3399 788 3441 ut
811 3391 909 3456 (ast
932 3391 1076 3452 dixit)
1100 3406 1176 3440 om
1199 3391 1266 3439 H

575 3474 618 3523 C
655 3475 803 3534 (corr)

642 3633 686 3666 1.
759 3614 1073 3678 suscepimus]
1161 3613 1313 3670 Pinea,
1373 3615 1488 3662 who
1545 3615 1729 3662 admits

570 3700 882 3762 suscipiemus
905 3698 1009 3746 into
1035 3697 1113 3747 his
1147 3707 1266 3758 text,
1301 3699 1426 3746 adds
1454 3699 1505 3746 in
1539 3714 1569 3746 a
1602 3699 1728 3747 soot·

571 3789 704 3838 note,
757 3780 1093 3843 “suscipimus
1142 3779 1291 3828 cod.”
1379 3779 1509 3827 Both
1565 3780 1721 3828 MSS.

572 3862 826 3924 distinctly
871 3861 982 3924 give
1029 3861 1111 3908 the
1166 3860 1366 3924 perfect.
1446 3860 1561 3918 Th„
1604 3859 1729 3907 after

574 3945 649 3994 his
684 3959 906 3997 manner,
941 3942 1142 4005 regards
1177 3942 1260 3989 the
1296 3940 1728 3990 resurrection-lise

572 4044 627 4075 as
650 4025 851 4086 already
874 4025 1062 4086 begun;
1099 4039 1260 4086 comp.
1292 4040 1343 4086 p.
1362 4038 1438 4084 35,
1469 4024 1502 4071 l.
1524 4040 1568 4082 4,
1598 4039 1670 4087 sq.

640 4129 685 4170 4.
766 4124 866 4156 non
904 4108 1052 4170 quasi
1089 4123 1151 4154 ex
1187 4123 1336 4154 causa
1374 4107 1520 4166 desa]
1554 4109 1638 4154 Le.
1678 4107 1729 4153 in

573 4187 694 4237 each
719 4204 829 4235 case
856 4202 957 4235 acc.
999 4195 1052 4233 to
1085 4186 1183 4234 Th.
1220 4186 1303 4234 the
1338 4190 1412 4234 ἵνα
1444 4186 1486 4234 is
1519 4185 1728 4240 ecbatic,

574 4281 660 4319 not
685 4269 815 4319 telic.
880 4269 1056 4331 Comp.
1082 4267 1158 4315 his
1184 4267 1375 4315 remark
1401 4282 1466 4314 on
1489 4282 1533 4314 c.
1558 4282 1606 4313 v.
1638 4279 1727 4325 17:

575 4354 629 4401 τὸ
662 4353 760 4413 γὰρ
794 4353 882 4398 ἵνα,
918 4352 1002 4398 οὐκ
1040 4347 1111 4398 ἐπ’
1152 4351 1318 4407 αἰτίας,
1366 4346 1471 4395 ἀλλ’
1511 4347 1572 4395 ὡς
1619 4347 1727 4395 ἀκό-

575 4437 747 4482 λουθον
789 4434 916 4481 κατὰ
958 4433 1013 4480 τὸ
1058 4433 1227 4480 οἰκεῖον
1270 4433 1440 4487 ἰδίωμα
1477 4433 1648 4488 (“non

576 4517 624 4562 in
650 4514 897 4560 causando
994 4514 1075 4559 sed
1103 4511 1240 4575 quasi
1278 4509 1655 4573 consequenss')

1395 3406 1450 3454 ¹4
1485 3397 1603 3439 tunc
1631 3390 1705 3439 C·
1733 3391 1799 3438 H
1825 3398 1990 3439 tamen
2021 3391 2064 3438 C
2084 3391 2231 3450 (corr)

2381 3405 2444 3451 24
2468 3388 2643 3438 semini
2665 3390 2732 3437 H
2749 3387 2757 3452 Ι
2790 3388 2989 3439 Christo

1902 3616 1976 3662 18.
2031 3620 2149 3662 ante
2166 3613 2292 3676 confi
2316 3629 2348 3660 a
2373 3614 2441 3661 D.
2472 3613 2527 3661 iu
2562 3612 2836 3673 Christum]
2859 3630 2986 3673 προ-

1831 3713 1928 3744 κεκ.
1970 3694 2008 3743 ὑ.
2050 3694 2136 3743 τοῦ
2169 3698 2209 3744 θ.
2253 3699 2303 3743 εἰ
2315 3712 2334 3744 ς
2368 3697 2456 3758 Χρ.
2521 3696 2587 3744 O.
2606 3696 2663 3745 L.
2698 3696 2798 3743 and
2835 3695 2987 3757 Vulg.

1837 3777 2111 3826 “confirm.
2141 3793 2171 3825 a
2195 3777 2296 3826 D.’‘
2321 3779 2391 3837 [4-
2425 3779 2475 3825 in
2501 3778 2704 3826 Christo
2735 3779 2787 3826 O.
2814 3776 2919 3837 L.].

1896 3878 1973 3912 20.
2025 3861 2096 3908 ad
2107 3859 2444 3907 destruendam
2459 3857 2572 3920 pn]
2608 3859 2671 3906 εἰς
2692 3855 2748 3905 τὸ
2775 3875 2923 3905 κατα
2932 3875 2987 3918 ρ-

1827 3946 2013 4003 γῆσαι
2047 3943 2136 4000 τήν
2175 3943 2254 3990 ἐπ.
2339 3942 2447 3989 Our
2475 3942 2740 3989 translator
2775 3943 2900 3999 (exc.
2940 3941 2987 3988 in

1833 4025 1961 4087 Eph.
1992 4023 2041 4071 ii.
2073 4024 2122 4086 9)
2150 4021 2471 4084 consistently
2501 4022 2699 4070 renders
2732 4023 2991 4083 καταργεῖν

1830 4107 1896 4168 by
1929 4106 2199 4162 destmere3
2235 4104 2294 4153 cf.
2319 4119 2361 4153 c.
2392 4120 2439 4152 ν.
2481 4125 2528 4166 4,
2564 4120 2637 4164 11,
2674 4106 2771 4152 and
2808 4105 2984 4157 above.

1832 4203 1880 4249 p.
1927 4202 2001 4248 34,
2042 4185 2076 4233 1.
2120 4197 2168 4248 9.
2257 4184 2367 4232 The
2411 4184 2556 4232 Latin
2598 4186 2818 4232 versions
2862 4183 2989 4231 have

1830 4282 2067 4314 euacuarc
2087 4265 2137 4312 in
2163 4263 2273 4312 Gal.
2304 4263 2370 4313 iii.
2402 4265 2500 4311 and
2525 4280 2570 4314 v,

1897 4361 1977 4395 αα.
2036 4346 2235 4406 euoluit]
2287 4346 2462 4403 ἀθετεῖ,
2507 4359 2565 4392 or
2603 4346 2688 4393 the
2726 4342 2843 4392 like.
2917 4344 2989 4392 So

1831 4429 2010 4488 below,
2065 4427 2308 4476 “hancne
2348 4428 2535 4475 euoluit
2572 4423 2732 4475 lex?’'
2783 4425 2883 4473 and
2924 4441 2987 4472 on

1833 4525 1877 4554 v.
1908 4525 1983 4562 τι.
2014 4513 2044 4534 “
2063 4524 2160 4556 non
2187 4516 2239 4556 ut
2264 4509 2460 4557 euoluat
2493 4508 2583 4555 Dei
2612 4506 2906 4570 proniissa.''
