3293 5233
287 398 337 463 Ι.
381 397 499 482 10.]

1086 406 1166 455 IN
1219 405 1322 457 ΕΡ.
1369 406 1472 454 ΑΙ)
1520 403 1889 455 EPHESIOS.

2585 406 2706 471 129

285 604 375 646 ex
437 581 664 646 multis
724 580 1168 664 compositum
1229 577 1561 655 membri5‚
1621 588 1765 643 tam
1832 576 2321 642 rationabilium
2392 577 2699 642 ordinum

283 706 488 769 quam
536 685 963 763 sensibilium.
1054 683 1400 747 fabricauit
1446 690 1672 746 autem
1704 682 1951 745 animal
1983 703 2208 758 unum,
2240 683 2305 745 id
2340 692 2459 759 est,
2487 681 2701 745 homi-

287 807 459 863 nem,
512 788 624 870 qui
673 796 740 850 et
784 787 868 849 ad
919 784 1283 848 inuisibiles
1342 794 1615 847 naturas
1669 783 2236 866 propinquitatem
2299 784 2423 848 sibi
2476 785 2702 848 anima

286 890 669 963 uindicaret,
701 898 768 951 et
799 887 1165 950 uisibilibus
1208 887 1459 950 naturis
1491 906 1764 968 corpore
1796 885 2191 966 iungeretur.
2267 907 2355 949 ex
2388 895 2703 967 quattuor

287 992 463 1055 enim
514 992 786 1073 integris
827 991 1189 1065 elementis,
1243 1000 1434 1066 terra,
1483 988 1731 1072 inqui0,
1774 998 1840 1052 et
1889 1009 2040 1052 aere
2081 999 2149 1052 et
2200 1010 2374 1069 aqua
2416 999 2484 1053 et
2532 990 2704 1071 igne,
2774 1010 2806 1077 5

286 1115 525 1177 corpus
557 1094 935 1177 composuit
980 1104 1322 1170 nostrum;
1370 1102 1437 1155 et
1467 1093 1658 1174 quasi
1706 1092 2046 1174 quoddam
2090 1093 2424 1157 amicitiae
2460 1093 2704 1175 pignus

286 1195 491 1258 totius
543 1205 881 1258 creaturae
935 1194 1089 1258 fecit
1136 1215 1282 1257 esse
1339 1192 1698 1269 hominem,
1760 1203 1993 1277 utpote
2052 1195 2361 1258 omnibus
2420 1195 2487 1257 in
2548 1215 2702 1258 eum

286 1299 694 1362 coadunatis,

286 1399 576 1462 hominis
630 1400 1112 1464 necessitatem.

785 1309 1136 1360 mouentur
1167 1307 1392 1360 autem
1425 1299 1650 1359 omnia
1679 1318 1854 1379 quae
1885 1308 2039 1361 sunt
2070 1299 2404 1363 sensibilia
2435 1310 2704 1381 propter

1203 1399 1630 1463 rationabiles
1684 1421 1843 1463 uero
1892 1401 2168 1465 uirtutes
2216 1403 2529 1467 insistunt
2580 1424 2703 1486 pro

288 1507 483 1569 nobis
528 1504 917 1580 uisibilibus‚
966 1514 1039 1567 ut
1088 1513 1559 1567 commoneant
1604 1524 1684 1567 ea
1730 1506 2093 1567 secundum
2141 1516 2436 1570 nostram
2480 1528 2702 1570 neces·
2737 1531 2813 1578 10

288 1607 573 1669 sitatem.
664 1607 1043 1670 ministrant
1090 1626 1248 1668 uero
1305 1614 1376 1667 et
1436 1604 1561 1667 illis
1623 1605 1818 1667 rebus
1878 1626 2069 1686 quae.
2102 1627 2221 1689 pro
2274 1617 2500 1671 nostra
2548 1619 2704 1672 sunt

288 1704 518 1780 salute,
551 1706 604 1768 si
636 1716 861 1769 tamen
895 1726 1124 1769 uerum
1157 1707 1242 1768 sit
1274 1705 1432 1768 illud
1477 1706 1656 1788 quod
1694 1727 1734 1769 a
1783 1706 1989 1769 Paulo
2033 1709 2285 1771 dictum
2316 1719 2416 1772 est
2445 1733 2458 1771 z
2503 1731 2706 1773 nonne

287 1830 503 1872 omnes
550 1809 813 1893 (inquit)
855 1820 1009 1873 sunt
1048 1809 1555 1872 ministrationis
1590 1809 1878 1891 spiritus,
1925 1810 1996 1873 in
2036 1812 2472 1875 ministerium
2520 1812 2710 1876 missi

272 1923 540 1994 propter
593 1934 694 1976 eos
744 1912 861 1995 qui
914 1913 1178 1995 capiunt
1217 1912 1577 1975 hereditare
1621 1913 1895 1976 salutem
1910 1913 1945 1976 ?
2032 1917 2147 1979 sed
2203 1917 2705 1982 subintroducta

289 2024 391 2077 est
473 2034 652 2076 mors
724 2016 1157 2097 peccantibus
1232 2015 1466 2090 nobis;

289 2120 620 2199 quaedam
667 2130 1116 2202 utrorumque.

750 2306 778 2356 5
814 2291 973 2357 inquit
1001 2292 1108 2342 CII

287 2466 470 2533 πυρός),
510 2468 717 2530 ἀοράτου
750 2469 803 2516 δὲ
834 2467 923 2527 τῆς
958 2467 1119 2530 ψυχῆς
1163 2466 1245 2515 καὶ
1277 2465 1451 2513 οἰκείας

286 2552 387 2599 τοῖς
434 2550 671 2610 ἀοράτοις·
751 2548 833 2597 καὶ
877 2550 938 2607 δὴ
990 2549 1251 2607 πεποίηκεν
1306 2546 1451 2594 αὐτὸν

288 2634 456 2699 ὥσπερ
478 2652 526 2684 τι
549 2637 712 2696 φιλίας
736 2635 960 2696 ἐνέχυρον
986 2635 1083 2683 τοῖς
1107 2635 1271 2681 πᾶσιν.

355 2733 401 2783 9.
479 2717 794 2765 rationabiles
815 2733 929 2764 uero
952 2716 1172 2773 uirtutes,
1201 2711 1321 2776 δια]
1369 2711 1449 2762 Cf.

288 2797 385 2846 Th.
436 2813 503 2846 on
549 2798 695 2845 Rom.
742 2796 865 2854 l.c.,
922 2794 1245 2856 ἐφεστᾶσιν
1293 2793 1452 2841 αὐτοῖς

288 2877 405 2938 [i.e.
441 2879 538 2926 τοῖς
572 2876 894 2937 φαινομένοις]
930 2877 980 2923 al
1018 2874 1228 2931 vonral
1264 2874 1450 2934 φύσεις,

290 2961 408 3021 πρὸς
440 2959 498 3007 τὸ
527 2959 640 3017 ἡμῖν
670 2959 916 3017 ὠφέλιμον
944 2954 1068 3004 αὐτὰ
1098 2958 1310 3004 κινοῦσαι
1325 2992 1422 3003 .....
1419 2940 1432 2948 ’
1432 2992 1443 3003 .

289 3040 372 3088 καὶ
412 3040 508 3098 μὴν
551 3038 632 3088 καὶ
674 3039 774 3087 τοῖς
828 3038 945 3099 πρὸς
999 3037 1313 3085 διδασκαλίαν
1364 3031 1452 3094 τῆς

290 3117 535 3182 εὐσεβείας
591 3120 656 3169 είς
709 3118 945 3180 ἡμετέραν
995 3115 1233 3178 ὠφέλειαν
1280 3117 1449 3177 ὑπηρε-

287 3203 480 3250 τεῖσθαι
525 3201 722 3259 σύνηθες
767 3196 945 3256 αὐτοῖς,
1003 3200 1064 3247 ὡς
1105 3197 1132 3248 ὀ
1178 3195 1451 3247 ἀπόστολὸς

290 3288 460 3343 φησιν·
497 3279 630 3342 *οὐχὶ
656 3279 832 3330 πάντες
855 3282 973 3329 εἰσὶν
995 3283 1115 3329 λειτ.
1146 3279 1261 3336 σι’,
1286 3297 1330 3328 κ.
1341 3296 1386 3328 τ.
1398 3280 1448 3327 λ.

292 3366 389 3415 See
443 3366 549 3414 also
604 3364 681 3412 his
736 3380 918 3413 comm.
968 3379 1035 3411 on
1096 3363 1256 3412 Exod.
1315 3360 1445 3409 xxvi.

291 3447 504 3510 (Migne,
531 3444 649 3508 648)
683 3447 784 3494 and
817 3462 884 3494 on
911 3446 1055 3494 Zech.
1089 3445 1151 3493 vi.
1179 3443 1285 3507 (ib.‚
1314 3443 1445 3506 538),

294 3529 308 3552 ‘
323 3529 540 3590 τέσσαρα
565 3529 760 3590 ἅρματα
774 3526 786 3548 ’
811 3529 964 3587 λέγει,
996 3527 1153 3585 δηλῶν
1175 3528 1261 3574 τὰς
1283 3527 1333 3573 ἐν
1355 3526 1453 3575 τοῖς

287 3610 549 3670 τέσσαρσιν
582 3610 810 3667 κλίμασιν
831 3611 916 3670 τῆς
940 3610 1216 3668 οἰκουμένης
1236 3608 1451 3670 ἐφεστώ-

290 3711 379 3744 σας
403 3695 630 3756 ἀοράτους
654 3692 883 3749 δυνάμεις,
908 3708 1010 3739 κ.τ.
1026 3693 1074 3740 λ.

362 3792 436 3826 12.
505 3775 636 3839 quod
659 3790 691 3821 a
722 3775 882 3822 Paulo
911 3773 958 3821 d.
995 3771 1061 3836 e.]
1127 3773 1227 3820 Th.
1259 3778 1449 3836 repeat·

289 3855 404 3920 edly
449 3855 645 3918 implies
697 3870 754 3902 or
805 3869 927 3903 even
977 3855 1229 3918 expressly
1272 3863 1450 3901 asserts

290 3936 375 3985 the
409 3935 614 3983 Pauline
645 3934 935 3999 authorship
959 3933 1017 3981 os
1047 3934 1130 3983 the
1159 3936 1250 3998 Ep.
1280 3941 1333 3982 to
1366 3934 1450 3983 the

292 4019 575 4076 Hebrews3
608 4033 691 4066 sce
712 4033 779 4065 on
802 4018 915 4066 Gal.
945 4015 1013 4065 iii.
1044 4033 1118 4083 19,
1148 4016 1280 4081 Eph.
1306 4016 1336 4065 i.
1374 4015 1449 4073 16,

290 4103 403 4151 Col.
447 4102 480 4149 i.
527 4098 600 4156 16,
644 4103 729 4149 18:
787 4100 836 4149 ii.
895 4104 970 4156 18,
1017 4117 1034 4149 1
1075 4100 1208 4147 Tim.
1244 4099 1311 4146 iii.
1359 4112 1452 4160 13;

289 4185 389 4233 and
430 4183 642 4242 Sachau,
678 4197 729 4245 p.
899 4181 1021 4241 (12),
1051 4182 1214 4231 where
1252 4182 1386 4230 Heb.
1412 4181 1443 4231 i.

301 4370 356 4414 ¹4
390 4354 430 4403 is
461 4352 607 4417 again
632 4351 763 4399 cited
785 4366 840 4399 as
864 4350 918 4400 S.
947 4350 1125 4398 Paul'S.
1216 4349 1311 4396 See
1348 4347 1454 4395 also

293 4434 435 4484 Th.'s
468 4434 709 4498 prologue
744 4440 797 4480 to
828 4433 912 4481 the
947 4432 1043 4494 Ep.
1076 4429 1199 4493 (Fr.‚
1236 4445 1288 4492 p.
1321 4427 1447 4489 ¹7¹)-

359 4534 522 4565 nonnc
540 4532 718 4574 omnes,
746 4514 859 4575 810]
898 4514 1032 4562 IIeb.
1058 4513 1088 4562 i.
1128 4527 1200 4574 14.
1269 4510 1453 4559 Minis-

469 4628 522 4676 S.

1314 2306 1346 2357 9
1377 2289 1607 2340 homines
1635 2292 1707 2341 C*

1558 2012 1762 2078 fiebat
1844 2027 2071 2080 autem
2145 2017 2298 2081 hinc
2374 2019 2705 2101 separatio
2740 2030 2808 2097 15

1207 2118 1432 2182 anima
1460 2116 1658 2180 *enim
1704 2139 1746 2182 a
1798 2140 2072 2202 corpore
2119 2122 2590 2203 separabatur;
2640 2133 2708 2186 et

1902 2309 1960 2346 10
1991 2312 2101 2346 eam
2133 2296 2240 2345 CII

1522 2482 1526 2486 ·
1549 2469 1779 2517 trationis
1811 2470 2016 2534 spiritus
2052 2472 2094 2520 is
2126 2486 2157 2520 a
2189 2471 2408 2535 singular
2442 2472 2707 2536 rendering

1548 2550 1608 2598 of
1649 2553 1956 2614 λειτουργικὰ
2000 2568 2108 2611 πν.;
2156 2552 2242 2603 the
2288 2553 2437 2602 Latin
2481 2554 2705 2603 versions

1546 2633 1648 2680 had
1710 2634 1973 2682 “ministri
1992 2632 2021 2655 '⁹
2076 2650 2134 2683 or
2195 2632 2704 2684 “administratorii.”

1552 2715 1657 2775 Qui
1689 2715 1894 2778 capiunt
1927 2715 2192 2764 heredilare
2225 2715 2369 2764 looks
2405 2715 2506 2764 like
2536 2732 2600 2764 an
2630 2724 2703 2764 at·

1547 2803 1706 2861 tempt
1739 2805 1791 2847 to
1821 2799 2001 2847 emend
2034 2799 2119 2848 the
2146 2799 2300 2862 Vulg.
2335 2796 2487 2861 (“qui
2511 2797 2704 2847 heredi-

1545 2886 1703 2928 tatem
1738 2879 1935 2943 capient
1952 2877 2021 2942 '’).
2093 2880 2168 2928 Or
2205 2881 2249 2927 is
2283 2879 2488 2941 capiunt
2519 2879 2695 2927 here=

1548 2961 1800 3024 incipiunt
1839 2959 1919 3023 (cs.
1956 2977 2007 3025 p.
2043 2973 2119 3021 51,
2160 2960 2191 3009 l.
2229 2976 2304 3019 24,
2346 2960 2514 3018 note)?
2580 2959 2706 3007 This

1549 3059 1757 3108 passage
1789 3043 1830 3092 is
1860 3044 2045 3107 quoted
2076 3042 2196 3090 with
2224 3042 2308 3089 the
2331 3056 2465 3089 same
2491 3056 2705 3105 purpose

1547 3124 1597 3172 in
1630 3141 1660 3172 a
1691 3123 1935 3187 fragment
1968 3122 2025 3171 of
2048 3121 2145 3170 Th.
2171 3122 2432 3185 preserved
2457 3121 2524 3183 by
2547 3121 2703 3169 Thdt.

1548 3204 1754 3269 (quaest.
1806 3205 1864 3252 in
1917 3205 2032 3253 Gen.
2078 3219 2123 3252 c.
2170 3201 2254 3263 i.);
2302 3203 2356 3250 αἴ
2400 3219 2454 3249 τε
2509 3202 2704 3264 ἀόρατα

1549 3290 1780 3346 δυνάμεις,
1813 3288 1888 3337 ὅτι
1917 3287 2075 3334 πᾶσαι
2105 3289 2203 3334 το““ς
2230 3287 2370 3334 θείοις
2403 3288 2707 3345 βουλήμασιν

1549 3369 1893 3427 ὕπηρετοῦνται
1949 3367 2066 3426 πρὸς
2120 3366 2177 3413 τὸ
2232 3366 2345 3424 ἡμῖν
2403 3368 2703 3423 λυσιτελοῦν,

1550 3450 1745 3497 Παῦλος
1780 3445 1806 3494 ὁ
1844 3447 2072 3507 μακάριος
2110 3444 2317 3494 διδάσκει
2362 3446 2539 3507 λέγων·
2595 3443 2703 3506 οὐχὶ

1549 3528 1743 3590 πάντες,
1773 3546 1802 3577 κ
1829 3530 1931 3577 τ.λ.

1619 3631 1696 3676 14.
1762 3609 2129 3661 subintroducta
2163 3617 2231 3658 est
2267 3609 2417 3670 mors]
2475 3610 2702 3671 παρεισή-

1547 3698 1665 3757 χθη,
1683 3697 2001 3755 παρείσακτος
2014 3693 2229 3751 ἐγένετοτ
2255 3690 2316 3738 cs.
2334 3707 2496 3754 supra,
2517 3708 2602 3755 pp.
2628 3691 2699 3750 16,

1547 3780 1577 3828 1.
1611 3794 1704 3841 153
1733 3791 1807 3840 17,
1832 3776 1865 3824 l.
1891 3774 1936 3824 6.
2009 3774 2175 3822 There
2209 3774 2249 3820 is
2273 3773 2531 3821 doubtless
2564 3790 2595 3821 a
2630 3790 2700 3821 re·

1529 3861 1741 3930 ¹ference
1764 3867 1815 3908 to
1842 3860 1988 3907 Rom.
2014 3873 2059 3906 v.
2096 3873 2169 3916 12,
2196 3856 2228 3915 ἡ
2249 3855 2459 3918 ἁμαρτία
2482 3857 2705 3914 εἰσῆλθεν

1545 3945 1623 3992 καὶ
1664 3944 1741 3990 διὰ
1777 3942 1862 4000 τῆς
1894 3939 2127 4000 ἁμαρτίας
2163 3937 2188 3986 ὁ
2229 3936 2447 3987 θάνατος.
2515 3938 2695 4000 Comp.

1543 4022 1692 4086 again
1723 4021 1833 4083 ‚the
1886 4037 2069 4070 comm.
2126 4036 2191 4068 on
2252 4020 2396 4068 Rom.
2459 4017 2561 4065 viii.
2625 4032 2698 4081 19,

1549 4106 1774 4167 παραβὰς
1824 4105 1994 4162 θνητὸς
2036 4105 2232 4163 ἐγένετο
2276 4102 2352 4149 διὰ
2391 4102 2476 4158 τῆς
2515 4098 2704 4159 &rofia-

1547 4202 1684 4241 σεως,
1725 4180 1980 4247 ἑχωρίζετό
2021 4201 2073 4231 τε
2115 4183 2173 4230 ὡς
2212 4184 2332 4231 εἰκὸς
2371 4182 2403 4240 ἡ
2446 4183 2581 4242 ψυχὴ
2619 4178 2703 4230 τοῦ

1552 4269 1771 4324 σώματος
1806 4267 1883 4312 καὶ
1916 4261 1941 4312 ὁ
1975 4264 2267 4323 μηχανηθεῖς
2298 4263 2376 4309 διὰ
2407 4259 2491 4308 τοῦ
2522 4261 2701 4322 ἀνθρώ·

1551 4366 1643 4396 που
1681 4347 1935 4403 σύνδεσμος
1972 4347 2055 4403 τῆς
2090 4345 2287 4391 κτίσεως
2320 4343 2543 4389 διελύετο.
2620 4342 2703 4390 On

1551 4425 1645 4474 Th.
1657 4423 1695 4472 ’s
1710 4423 1912 4487 opinion
1932 4420 2050 4468 with
2074 4420 2247 4482 regard
2272 4427 2323 4467 to
2348 4419 2430 4467 the
2454 4419 2669 4467 mortalit
2676 4436 2707 4482 y

1550 4506 1608 4554 os
1626 4506 1809 4554 human
1834 4512 2022 4560 natute,
2051 4518 2132 4551 see
2156 4519 2206 4565 p.
2232 4516 2311 4563 25,
2341 4502 2374 4551 l.
2401 4517 2444 4563 5,
2471 4511 2605 4549 note.

2492 4619 2535 4680 9
