3293 5233
580 337 709 419 256
1266 342 1722 402 ‘rnssononu's
1770 347 2255 412 MOPSUESTEN
2266 347 2355 400 us
2824 333 2903 418 [1.
2936 334 2997 398 6.

708 518 898 584 ‘dico
956 529 1181 585 autem
1242 520 1373 585 ista
1430 540 1603 603 quae
1655 520 2065 603 cognouistis
2116 539 2271 584 cum
2324 520 2607 584 ueritate
2666 519 2997 603 euangelii

577 623 1011 706 suscipientes
1042 622 1448 688 doctrinam.'
1496 632 1564 688 et
1587 624 1674 687 ad
1707 624 2025 688 maiorem
2052 622 2593 687 exhortationem
2626 644 2856 688 eorum
2888 645 2995 687 os-

576 725 860 790 tendens
899 726 1214 809 quoniam
1269 747 1403 792 non
1448 726 1571 790 soli
1619 726 1713 789 illi
1760 726 1887 789 ista
1930 735 2193 809 praeter
2236 735 2491 790 ceteros
2537 736 2995 809 cognouerunt

577 830 882 896 homines
902 852 919 910 ;
952 830 1256 915 alioquin
1302 839 1370 895 et
1416 830 1631 913 magis
1677 850 1791 893 eos
1836 830 2176 893 continere
2218 829 2285 892 in
2323 828 2456 893 fide
2498 837 2780 913 poterat,
2812 832 2992 914 quod

514 948 546 1013 5
580 933 692 998 illa
734 934 952 1016 pietas
997 954 1168 1017 quae
1202 934 1299 998 ‘ab
1330 934 1642 997 omnibus
1689 934 1757 997 in
1803 951 2160 996 commune
2188 938 2457 996 tenetur
2516 932 2721 995 etiam
2746 931 2842 1009 ‚ab
2889 930 2996 996 his

577 1043 882 1100 teneatur
904 1055 920 1100 :

702 1167 872 1232 sz‘cut
898 1169 970 1232 in
997 1169 1181 1233 omni
1206 1168 1458 1233 munda.

630 1371 645 1384 .
707 1299 776 1353 et
809 1290 897 1354 rei
929 1289 1460 1372 magnitudinem
1491 1291 1890 1354 ostendens:

648 1473 653 1478 .
707 1433 771 1488 et
795 1434 892 1488 est
900 1423 1325 1508 fructificans
1351 1434 1414 1488 et
1440 1446 1733 1490 crescens.

476 1573 555 1621 ιο
710 1555 879 1615 ‘non
911 1550 1128 1615 solum
1165 1551 1432 1636 (inquit)
1465 1555 1809 1636 cognitum
1847 1564 1944 1618 est
1984 1554 2113 1618 illis
2149 1555 2263 1639 qui
2310 1556 2376 1620 in
2408 1556 2591 1620 omni
2631 1565 2787 1621 sunt
2816 1557 2994 1635 orbe,

578 1655 696 1719 sed
757 1664 825 1719 et
884 1665 1319 1737 augmentum
1372 1657 1649 1739 suscipit
1702 1676 1823 1739 per
1870 1656 2169 1740 singulos
2219 1659 2395 1726 dies!
2486 1660 2728 1724 deinde
2782 1669 2858 1725 ut
2909 1681 2994 1725 ne

582 1757 887 1823 uideatur
938 1756 1267 1840 euangelii
1326 1759 1599 1841 quidem
1661 1759 1955 1842 cognitio
2007 1762 2383 1825 communis
2445 1761 2573 1826 illis
2631 1782 2778 1826 esse
2837 1780 2990 1826 cum

579 1863 909 1939 omnibuS,
964 1864 1137 1927 sicut
1200 1862 1378 1925 dixit
1428 1864 1532 1926 ‘in
1593 1861 1903 1926 omnibus
1925 1861 2114 1927 ⁹—ne
2172 1884 2331 1946 ergo
2393 1864 2486 1928 illi
2548 1865 2993 1943 aestimarent,

578 1967 758 2049 quod
810 1965 1230 2048 euangelium
1272 1984 1407 2029 non
1447 1973 1516 2029 et
1559 1973 1997 2047 augmentum
2043 1966 2221 2047 apud
2268 1984 2503 2029 omnes
2549 1968 2990 2052 consequitur,

472 2086 543 2151 15
577 2068 815 2133 adicit:

703 2184 899 2250 sicuti
921 2198 985 2252 et
1012 2180 1299 2262 &mobis
1324 2202 1402 2245 ex
1426 2201 1558 2264 qua
1586 2182 1694 2246 die
1719 2182 2005 2247 audistis
2030 2193 2094 2248 et
2129 2184 2515 2267 cogyeouzktzlc
2531 2184 2835 2268 gratiam
2864 2185 3001 2250 Dei

572 2288 644 2352 in
675 2290 966 2355 ueritate.
1143 2287 1159 2294 “
1182 2311 1260 2380 κ,

2144 2497 2176 2548 9
2210 2490 2259 2533 et
2302 2498 2380 2532 om
2409 2481 2482 2532 C*
2510 2483 2572 2533 H
2628 2497 2757 2548 quae
2780 2482 2889 2547 (bef
2897 2481 2992 2547 est)

2785 2582 2843 2631 13
2878 2581 2993 2618 eum

1129 2540 1143 2556 ·
1196 2501 1223 2551 5
1258 2477 1595 2558 in'cqmmuni
1623 2483 1669 2531 C
1688 2478 1833 2545 (corr)

1317 2588 1371 2624 11
1409 2582 1461 2626 e·
1481 2565 1729 2631 angelium
1757 2564 1871 2632 (sbr
1891 2569 2082 2632 augin.)
2105 2584 2138 2615 r
2162 2565 2170 2632 Ι
2200 2567 2417 2632 suscepit
2445 2567 2488 2618 C
2507 2583 2540 2616 r

1677 2666 1734 2712 ¹4
1768 2652 1832 2700 ad
1857 2650 1973 2715 (sor
1991 2651 2062 2713 et)
2087 2666 2120 2699 r

670 2499 698 2534 ἰ
733 2493 783 2535 et
804 2500 881 2534 om
905 2502 937 2533 r

569 2569 930 2633 addC(corr)=
964 2576 1095 2622 txtr

569 2668 706 2703 omn.
733 2653 845 2718 (sor
863 2654 916 2704 in
939 2656 1101 2717 omn.)
1131 2657 1174 2706 C
1193 2657 1278 2708 Hx
1316 2664 1399 2708 txt
1419 2676 1452 2708 r

1978 2805 2301 2872 superfluous.
2375 2807 2472 2856 But
2508 2806 2646 2858 there
2678 2807 2719 2857 is
2747 2823 2815 2858 no
2848 2824 2991 2860 occa·

2088 2896 2288 2953 suspect
2341 2903 2441 2951 any
2484 2904 2635 2938 error.
2706 2889 2806 2938 Th.
2851 2904 2990 2952 says:

1828 2985 1968 3035 ‘The
1991 2987 2039 3035 A
2092 2970 2219 3021 ostle
2250 2970 2349 3018 had
2377 2969 2539 3018 stated
2563 2969 2669 3019 that
2693 2970 2777 3021 the
2802 2971 2990 3035 Gospel

1823 3066 1895 3128 (χ)
1919 3067 2020 3117 had
2052 3083 2135 3117 rea
2216 3053 2278 3102 ed
2310 3052 2395 3101 the
2424 3051 2709 3102 Colossians
2737 3068 2792 3101 as
2819 3053 2859 3103 it
2889 3053 2992 3103 had

635 2826 682 2873 3.
751 2825 852 2859 non
881 2809 978 2859 soli
1007 2810 1347 2875 illi...practer
1366 2815 1557 2877 celeres]
1601 2815 1735 2880 παρὰ

568 2892 678 2940 τοὺς
710 2893 932 2940 λοιπούςε
978 2908 1059 2941 see
1087 2909 1138 2956 p.
1168 2910 1276 2956 142,
1301 2894 1335 2943 l.
1356 2893 1401 2956 6,
1431 2904 1565 2947 note.
1648 2899 1727 2948 Cf.

569 2971 752 3020 Thdt.:
791 2973 882 3032 οὐχ
905 2970 989 3031 ύμΐ
991 2990 1016 3019 ν
1040 2975 1092 3021 δὲ
1112 2974 1269 3031 μόνοις
1284 2974 1725 3041 [ἀπαγγέλλεταῷ

569 3047 701 3100 ἀλλὰ
724 3054 803 3100 καὶ
825 3049 976 3100 πᾶσιν
998 3053 1281 3116 ἀνθρώποις.

632 3152 680 3195 4.
726 3135 883 3197 magis
915 3151 987 3185 cos
1018 3138 1265 3188 continere
1303 3140 1361 3188 in
1381 3140 1489 3205 fide
1510 3150 1721 3206 poterat,

567 3213 679 3276 δια]
725 3215 795 3266 So
814 3218 991 3281 Chrys.
1012 3236 1025 3268 ε
1059 3217 1228 3280 ἐπειδὴ
1248 3220 1467 3280 μάλιστα
1486 3224 1529 3271 ol
1546 3226 1724 3273 πολλοὶ

564 3297 619 3345 ἐκ
639 3297 726 3346 τοῦ
748 3301 990 3349 κοινωνοὺς
1017 3301 1147 3361 ἔχειν
1173 3304 1385 3354 πολλοὺς
1414 3304 1510 3353 τῶν
1543 3304 1722 3368 δογμά-

562 3395 660 3425 των
679 3381 997 3443 στηρίζον-ναι,
1028 3399 1068 3430 κ.
1079 3398 1123 3430 τ.
1140 3384 1188 3431 λ.

628 3461 674 3510 8.
743 3466 791 3508 et
843 3460 920 3508 rei
972 3477 1142 3525 magn.
1198 3463 1469 3525 ostendens]
1534 3465 1719 3515 Thdt.:

561 3539 668 3587 εἶτα
722 3540 954 3589 δείκνυσιν
1007 3544 1086 3591 καὶ
1140 3540 1227 3590 τοῦ
1277 3544 1581 3607 κηρύγματος
1631 3546 1722 3607 τὴν

560 3621 713 3682 ἰσχύν.

624 3714 672 3764 9.
732 3707 778 3748 et
797 3706 869 3749 est
880 3701 1208 3766 fructificans
1231 3712 1277 3752 et
1297 3705 1393 3767 cr.]
1436 3708 1531 3757 See
1555 3724 1633 3758 vv.
1661 3709 1714 3757 ll.

558 3781 669 3833 The
691 3798 875 3831 comm.
899 3799 1059 3833 seems
1083 3793 1135 3835 to
1158 3786 1295 3835 shew
1318 3788 1427 3837 that
1449 3790 1567 3851 Th.,
1592 3792 1714 3841 with

559 3864 736 3927 Chrys.
767 3864 868 3913 and
903 3865 1079 3925 Thdt.,
1122 3867 1241 3915 read
1279 3870 1359 3917 καὶ
1392 3871 1527 3917 ἔστιν
1562 3888 1710 3931 nupt.

561 3946 713 4007 Quae,
761 3946 976 3995 inserted
1014 3947 1083 4012 by
1118 3948 1202 3998 the
1242 3950 1428 4001 Corbie
1464 3963 1711 4003 corrector

555 4028 658 4087 (vv.
685 4026 775 4086 ll.),
805 4027 846 4076 is
869 4028 1079 4077 without
1101 4030 1369 4094 authority.
1437 4035 1536 4082 Est
1542 4035 1708 4097 fruct.

556 4110 732 4173 (Aug,
769 4111 1039 4173 Ambtstr.)
1079 4112 1120 4161 is
1155 4115 1309 4164 toned
1347 4115 1496 4165 down
1535 4118 1586 4166 in
1621 4118 1709 4168 the

552 4190 703 4253 Vulg.
730 4190 836 4239 into
842 4191 1145 4255 fructificat.

622 4288 692 4322 ιι.
745 4281 804 4321 ut
838 4290 901 4323 ne
932 4275 1182 4337 uidcaiur,
1225 4277 1344 4339 δια]
1409 4279 1486 4328 Dr
1526 4281 1705 4345 Jacobi

550 4354 777 4404 brackets
800 4355 884 4405 the
907 4358 1070 4407 words
1099 4375 1199 4409 non
1229 4362 1509 4411 solum—in
1543 4365 1704 4413 omni-

546 4438 635 4484 bus
667 4453 722 4486 as
752 4438 904 4504 being
928 4440 1052 4490 both
1084 4442 1320 4495 confused
1350 4444 1451 4494 and
1480 4444 1530 4494 in
1562 4456 1702 4510 great

1821 3148 2033 3198 reached
2088 3149 2173 3199 the
2270 3143 2343 3184 est
2397 3133 2455 3183 os
2501 3133 2587 3184 the
2642 3134 2834 3194 world3
2888 3136 2990 3185 and

2379 3231 2410 3270 v
2452 3213 2672 3278 yielding
2725 3214 2840 3264 fruit
2888 3216 2987 3265 and

2450 3313 2482 3345 o
2526 3296 2610 3346 the
2652 3296 2798 3347 latter
2842 3303 2988 3346 state·

1821 3228 1893 3287 (2)
1939 3245 2042 3279 was
2085 3232 2255 3280 contin

1819 3312 2026 3376 making
2070 3313 2303 3363 increase.

1817 3400 1953 3440 ment
1984 3392 2047 3441 he
2079 3393 2418 3458 immediately

1817 3470 1940 3531 ὑμῖν,
1970 3479 2024 3522 to
2054 3483 2261 3537 prevent
2296 3475 2381 3525 the
2407 3475 2532 3526 inser
2614 3473 2672 3508 ὗε
2694 3458 2799 3508 that
2823 3458 2987 3509 Whssst

1815 3552 1899 3602 the
1930 3554 2227 3619 knowledge
2249 3555 2308 3605 of
2335 3557 2419 3606 the
2443 3558 2612 3624 Gospe
2678 3555 2780 3589 was
2809 3540 2986 3590 Μ

1813 3634 1880 3698 by
1911 3635 1978 3684 all
2015 3637 2213 3687 nations
2249 3639 2398 3695 alike‚
2436 3640 2498 3689 its
2532 3641 2646 3692 fruit
2740 3637 2850 3670 '¹⁶⁵⁸
2885 3638 2987 3671 was

1811 3716 2044 3765 confined
2090 3724 2142 3767 to
2187 3718 2273 3767 the
2318 3720 2617 3771 Colossinus.
2867 3717 2982 3750 ⁰⁰¹¹·

1811 3798 2053 3847 struction
2098 3800 2139 3848 is
2194 3802 2386 3850 broken
2441 3804 2540 3852 and
2597 3805 2684 3856 the
2737 3819 2848 3860 sent
2928 3798 2985 3832 σε

1810 3878 2006 3931 thrown
2036 3879 2141 3929 into
2165 3898 2302 3931 some
2324 3882 2584 3934 confusion
2606 3887 2674 3949 by
2697 3889 2783 3938 the
2805 3891 2883 3943 cla

1815 3960 1929 4007 “ne
1962 3975 2082 4023 ergo
2115 3960 2187 4009 illi
2222 3962 2538 4014 aestimarent
2575 3968 2713 4030 quod
2728 3967 2818 4018 ”...
2831 3988 2849 4030 3
2885 3974 2972 4023 the

1806 4047 1915 4089 true
1932 4057 2177 4106 sequence
2195 4043 2261 4092 is:
2287 4047 2319 4070 ‘⁴
2330 4052 2382 4093 ut
2399 4062 2461 4096 ne
2477 4048 2704 4098 uideatur
2720 4055 2973 4117 euangelii

1805 4122 2006 4186 quidem
2040 4126 2259 4188 cognitio
2289 4129 2567 4178 communis
2594 4130 2692 4179 illis
2721 4148 2828 4182 esse
2851 4151 2968 4186 cum

1803 4207 2051 4265 omnibus,
2077 4210 2387 4273 euangelium
2413 4211 2625 4274 [autem]
2649 4230 2749 4263 non
2773 4222 2821 4264 et
2846 4232 2965 4282 aug·

1801 4297 2028 4337 mentum
2050 4292 2184 4354 apud
2210 4308 2383 4342 omnes
2407 4294 2694 4359 consequi.'’

1874 4366 1948 4417 16.
2003 4386 2064 4419 ex
2097 4388 2198 4434 qua
2232 4373 2329 4436 die]
2397 4374 2484 4435 ἀφ’
2527 4373 2582 4435 ἦς
2630 4376 2822 4439 ἡμέρας.
2893 4381 2963 4429 So

1803 4451 1952 4516 Aug„
1984 4452 2231 4506 Ambrstr.
2264 4455 2435 4520 Vulg.,
2469 4459 2579 4507 “ex
2602 4474 2661 4509 ea
2683 4460 2766 4509 die
2788 4462 2941 4525 qua.”

2524 3378 2598 3439 ds,
2632 3379 2785 3428 καθὼς
2823 3380 2903 3426 καὶ
2938 3379 2989 3427 ἐν
