3293 5233
551 425 675 493 190
1216 424 1671 497 THEononUs
1719 423 2301 476 MOPSUESTENUS
2504 410 2648 495 [VI.
2691 425 2957 474 10—12.

540 597 742 680 igitur
777 592 1042 680 qualem
1088 597 1190 661 uis
1234 597 1417 661 illum
1450 595 1594 662 esse
1626 618 1784 681 erga
1815 607 1898 674 te,
1932 597 2084 661 talis
2117 597 2259 679 ipse
2288 606 2433 661 esto
2463 617 2624 680 erga
2654 596 2957 680 proprios

543 702 801 766 seruos?
892 702 1175 783 implens
1228 711 1452 765 autem
1492 712 1559 765 et
1600 700 1955 784 specialem
2003 701 2565 775 exhortationem,
2600 701 2839 763 iterum
2888 702 2956 763 in

541 803 878 866 communi
909 804 1207 885 disputat
1231 804 1314 867 de
1341 803 1467 866 illis
1499 824 1670 885 quae
1701 804 2010 866 omnibus
2041 802 2343 865 similiter
2373 802 2585 884 aptari
2607 811 2957 884 poterant:

670 954 746 1017 de
784 965 990 1030 cetero,
1021 956 1285 1037 fratres
1326 954 1466 1031 mei,
1507 954 1970 1037 confortamini
2006 954 2078 1018 in
2122 953 2423 1032 Domino,
2460 964 2523 1017 et
2560 952 2631 1018 in
2663 954 2956 1036 potentia

478 1064 509 1130 5
543 1053 816 1117 uirtutis
843 1055 995 1119 eius.

675 1189 689 1215 ‘
709 1184 934 1248 omnia
965 1205 1115 1247 cum
1149 1185 1589 1249 sollicitudine
1621 1195 1690 1250 et
1722 1185 1962 1249 uirtute
1995 1185 2108 1249 illa
2137 1205 2309 1268 quae
2342 1185 2490 1249 Deo
2522 1185 2768 1268 placita
2798 1195 2956 1249 sunt

543 1286 870 1369 perficite!
960 1297 1027 1351 et
1056 1288 1371 1368 quoniam
1403 1288 1610 1353 dixit:
1653 1286 2130 1370 confortamini,
2161 1286 2433 1350 adiecit:

673 1439 921 1504 induite
950 1462 1062 1503 uos
1088 1439 1309 1503 omnia
1337 1460 1530 1503 arma
1559 1438 1705 1503 Dei.

674 1566 844 1629 sicut
874 1566 1284 1629 consuetudo
1316 1576 1416 1629 est
1447 1566 1769 1630 militibus
1806 1566 2039 1639 dicere,
2086 1564 2325 1646 quibus
2367 1583 2518 1627 cum
2566 1563 2954 1626 fortitudine

442 1679 519 1727 10
544 1667 747 1730 etiam
779 1688 966 1731 arma
1009 1679 1165 1731 sunt
1207 1668 1589 1731 necessaria.
1680 1667 1922 1730 deinde
1970 1667 2133 1729 dicit
2174 1677 2241 1729 et
2286 1666 2602 1729 aduersus
2644 1685 2812 1747 quos
2849 1673 2953 1728 est

544 1768 790 1831 bellum
842 1770 998 1848 illis-‚3
1047 1771 1486 1833 conueniebat
1528 1770 1707 1833 enim
1745 1779 1814 1832 et
1850 1769 1977 1832 hoc
2018 1768 2443 1832 manifestum
2493 1766 2706 1830 facere
2745 1765 2949 1842 illum,

543 1872 699 1952 quia
729 1874 953 1935 omnia
984 1893 1167 1935 arma
1200 1872 1381 1935 indui
1414 1873 1893 1954 praecipiebat:

673 2020 769 2083 ita
800 2030 874 2083 ut
886 2020 1153 2102 possitis
1179 2032 1354 2084 stare
1382 2020 1696 2084 aduersus
1725 2020 2048 2085 uersutias
2075 2021 2332 2084 diaboli.

675 2153 922 2232 ‘itaque
982 2151 1187 2215 nolite
1247 2151 1465 2215 locum
1527 2152 1686 2215 dare
1739 2150 2084 2215 diabolicis
2135 2147 2769 2213 machinationibus?
2881 2159 2950 2213 et

438 2261 507 2327 15
541 2254 704 2318 haec
735 2254 962 2317 dicens
993 2255 1178 2336 quasi
1213 2257 1297 2317 ad
1331 2255 1577 2318 bellum
1611 2255 1758 2318 illos
1790 2253 2173 2329 adhortan5‚
2206 2253 2483 2315 adiecit:

667 2414 968 2497 quoniam
1013 2436 1135 2477 non
1175 2425 1270 2478 est
1308 2416 1485 2479 nobis
1522 2415 1898 2478 conluctatio
1932 2413 2246 2476 aduersus
2277 2413 2661 2495 sanguinem
2701 2423 2764 2477 et
2805 2434 2948 2476 car-

540 2542 697 2596 nem,
757 2518 873 2581 sed
923 2517 1237 2579 aduersus
1278 2517 1690 2598 principatus
1746 2529 1808 2580 et
1864 2517 2175 2579 aduersus
2218 2525 2572 2596 potestates,
2634 2516 2950 2579 aduersus

538 2621 770 2685 mundi
815 2632 1078 2684 rectores
1130 2621 1534 2684 tenebrarum
1592 2621 1831 2684 saeculi
1879 2621 2088 2693 lucius,
2121 2620 2436 2682 aduersus
2473 2620 2805 2701 spiritalia
2846 2641 2949 2681 ne-

537 2722 778 2804 quitiae
808 2723 878 2785 in
907 2724 1281 2787 caelestibus

429 2869 513 2917 20
671 2849 1151 2930 inconsequens
1176 2870 1320 2912 esse
1346 2850 1606 2913 uidetur
1630 2859 1702 2912 ut
1726 2849 1778 2910 is
1804 2850 1914 2931 qui
1940 2850 2024 2912 de
2049 2848 2247 2911 armis
2272 2849 2581 2911 omnibus
2607 2848 2946 2910 sumendis

539 2960 605 3013 et
636 2951 811 3014 bello
842 2952 1210 3033 disputauit
1255 2952 1815 3015 conluctationem
1855 2961 2256 3013 memoretur
2271 2971 2286 3026 3
2335 2952 2450 3013 sed
2494 2950 2653 3014 nihil
2685 2951 2947 3013 differre

540 3056 900 3130 existimat,
944 3076 1024 3117 eo
1065 3055 1242 3136 quod
1283 3076 1494 3136 neque
1538 3076 1694 3117 uera
1736 3055 1988 3117 ratione
2033 3054 2118 3115 de
2161 3053 2648 3117 conluctatione
2694 3062 2809 3114 aut
2861 3052 2947 3113 de

541 3159 776 3223 militia
815 3160 907 3222 illi
946 3169 1087 3221 erat
1135 3160 1317 3234 rati0,
1353 3159 1467 3221 sed
1502 3160 1777 3221 abusiue
1809 3158 2122 3234 ueritatiS,
2156 3158 2470 3239 quoniam
2505 3158 2813 3220 omnibus
2846 3167 2946 3220 est

636 3317 668 3367 6
703 3319 770 3366 D.
809 3327 920 3366 sunt
958 3317 1024 3380 pl.
1068 3318 1133 3365 ll
1375 3333 1433 3379 15
1466 3316 1616 3364 adicit
1663 3317 1706 3365 C
1985 3314 2042 3363 16
2076 3315 2220 3363 uobis
2256 3316 2319 3363 H
2343 3312 2350 3377 Ι
2379 3331 2577 3363 carnem
2618 3324 2668 3364 et
2706 3330 2844 3379 sang.
2891 3317 2953 3364 H

540 3412 604 3447 20
635 3398 699 3446 de
721 3414 860 3445 arma
882 3399 1048 3445 omnia
1073 3397 1312 3445 sumenda
1335 3404 1382 3446 et
1408 3398 1595 3445 bellum
1624 3398 1668 3445 C
1687 3398 1754 3444 H

1791 3545 1924 3600 supr.
1957 3555 2005 3601 p.
2038 3536 2143 3600 169,
2177 3536 2208 3587 l.
2238 3553 2312 3593 12.
2339 3547 2469 3586 note.
2533 3540 2946 3597 Machinationts.

1794 3619 1957 3668 which
1990 3635 2160 3668 occurs
2195 3618 2297 3682 just
2331 3620 2495 3669 below
2531 3621 2582 3668 in
2622 3622 2708 3670 the
2738 3638 2944 3683 comm,

1794 3701 1836 3749 is
1867 3700 2183 3749 Tertullian’s
2207 3701 2343 3749 word
2367 3701 2483 3749 here
2508 3701 2557 3749 in
2583 3702 2666 3751 the
2690 3709 2809 3752 text.

1868 3782 1937 3831 16.
2018 3783 2133 3832 adu.
2178 3798 2317 3845 sang,
2357 3788 2401 3830 et
2436 3783 2657 3844 carnem]
2724 3787 2823 3834 See
2863 3803 2942 3834 vv.

612 3555 651 3587 ι.
732 3540 921 3602 qualem
968 3540 1047 3587 uis
1091 3541 1252 3595 illum,
1298 3539 1409 3599 δια]
1504 3539 1688 3588 Thdt.:

539 3621 636 3668 οἷον
656 3622 821 3683 βούλει
845 3624 951 3682 περὶ
977 3622 1035 3669 σὲ
1065 3623 1149 3668 τὸν
1181 3622 1419 3679 δεσπότην
1440 3622 1684 3682 γενέσθω,

537 3704 748 3750 τοιοῦτος
769 3704 911 3763 ’γένου
934 3706 1011 3750 καὶ
1036 3705 1143 3764 περὶ
1167 3705 1251 3751 τὸν
1276 3704 1476 3761 οἰκέτην.

606 3803 650 3836 2.
718 3786 923 3849 implens
962 3792 1140 3841 autem,
1184 3784 1299 3845 ἐῢ]
1379 3785 1564 3834 Thdt.:
1618 3781 1694 3833 οὔ·

538 3886 629 3918 τως
652 3870 807 3917 τοίνυν
829 3869 980 3916 ἐκεῖνα
1018 3864 1337 3926 νομοθετήσας
1374 3868 1519 3913 κατὰ
1557 3868 1693 3913 διαί-

537 3969 712 4014 ρεσιν,
743 3951 934 4008 κοινὴν
958 3951 1167 4010 εἰσφέρει
1192 3950 1340 3996 πάλιν
1362 3950 1653 4010 παραίνεσιν.

606 4038 651 4084 8.
739 4034 905 4081 omnia
951 4047 1096 4078 arma
1142 4030 1265 4091 Dei]
1356 4052 1397 4070 2-
1419 4033 1506 4088 τὴν
1548 4048 1692 4078 πανο-

540 4120 704 4165 πλίαν.
786 4118 854 4163 So
909 4115 1087 4170 below,
1151 4129 1196 4159 v.
1264 4127 1332 4172 ¹3-
1406 4113 1543 4160 Tert.
1603 4113 1694 4160 has

539 4207 871 4255 armaturam,
900 4195 1062 4243 which
1089 4195 1171 4242 the
1203 4194 1515 4241 Clementine
1541 4193 1691 4255 Vulg.

543 4280 739 4329 retains.
805 4281 1003 4343 Jerome
1042 4276 1112 4323 ad
1143 4277 1189 4323 le.
1235 4277 1266 4323 l.
1310 4274 1407 4323 had
1444 4276 1692 4338 proposed

542 4381 633 4413 our
686 4360 987 4412 translator‘s
1034 4360 1309 4422 rendering.
1409 4360 1502 4408 See
1561 4358 1693 4413 Mill,

530 4444 741 4506 probi-ee·
769 4445 794 4501 ἓ
821 4441 929 4505 569·

614 4544 630 4574 ι
641 4542 686 4587 3.
756 4525 1019 4585 versutias]
1095 4547 1136 4566 =
1167 4525 1250 4573 τὰς
1294 4524 1566 4581 μεθοδεὶαςτ
1626 4523 1687 4571 cs.

1795 3864 1847 3913 ll.
1920 3864 2031 3912 The
2070 3864 2262 3927 Harley
2303 3865 2414 3913 MS.
2455 3863 2649 3913 follows
2680 3865 2765 3915 the
2801 3869 2950 3917 order

1797 3948 1854 3996 os
1881 3948 1965 3996 the
1993 3947 2162 4010 Vulg.‚
2183 3948 2307 3995 both
2331 3948 2447 3995 here
2470 3948 2571 3996 and
2594 3949 2756 3997 below
2785 3949 2838 3997 in
2864 3951 2950 3999 the

1794 4046 1976 4079 comm.
2005 4030 2073 4093 (p.
2100 4045 2204 4094 191,
2233 4029 2267 4077 l.
2295 4029 2386 4091 10).

1867 4130 1883 4161 1
1897 4128 1940 4175 7.
2007 4113 2123 4160 adu.
2158 4112 2340 4160 mundi
2365 4119 2562 4161 rectores
2594 4114 2766 4163 tenebr.
2803 4130 2843 4162 s.
2873 4114 2950 4174 Ιι.]

1803 4197 1974 4256 επρὸς
2017 4197 2126 4243 τοὺς
2183 4195 2569 4255 κοσμοκράτορας
2617 4196 2704 4242 τοῦ
2752 4196 2954 4244 σκότους

1793 4278 1879 4323 τοῦ
1901 4274 2069 4325 αἰῶνος
2091 4278 2279 4323 τούτου.
2350 4276 2419 4323 So
2443 4276 2642 4337 Chrys„
2674 4275 2830 4324 Thdt.

1862 4374 1938 4420 23.
2005 4357 2204 4405 abusiue
2221 4356 2462 4417 ueritatis]
2501 4357 2674 4420 ‘using
2688 4357 2773 4407 the
2787 4358 2953 4405 words

1797 4437 2120 4502 figuratively,
2144 4435 2558 4500 καταχρηστικῶς’
2577 4441 2663 4498 (sc.
2695 4440 2952 4489 abutendo

1796 4520 2069 4579 ueritatem,
2121 4519 2357 4568 abusione
2402 4521 2642 4577 ueritatis)
2662 4519 2743 4580 [?].
2817 4521 2954 4568 Pitra
