3293 5233
344 430 684 514 1.8-11.]

1056 444 1139 500 IN
1189 445 1293 497 ΕΡ.
1340 445 1441 495 ΑΙ)
1488 442 2030 496 PHILIPPENSES.

2632 446 2755 510 203

344 615 742 681 confirmant
793 617 1378 701 praedicationem,
1433 619 1612 702 quod
1676 638 1835 682 uera
1893 616 2258 696 habeatur3
2332 617 2504 681 sicut
2561 627 2631 680 et
2689 618 2757 679 in

346 721 694 802 euangelio
756 722 1072 803 scriptum
1139 731 1277 785 est:
1339 722 1458 804 qui
1495 721 1725 803 accipit
1772 720 1911 784 eius
1961 719 2412 797 testimonium,
2464 721 2765 802 signauit

343 821 648 901 quoniam
677 820 858 883 Deus
886 842 1094 884 uerax
1117 833 1213 885 est
1230 847 1261 897 ,·
1305 823 1432 887 hoc
1463 833 1595 886 est:
1635 827 1653 854 ‘
1672 823 1946 886 credens
1984 821 2403 885 confirmauit
2434 831 2759 904 quantum

344 924 432 986 ad
492 945 564 986 se
624 931 726 987 est
786 922 899 987 illa
950 945 1122 1007 quae
1170 946 1210 988 a
1265 925 1413 988 Deo
1468 934 1640 999 sunt,
1696 933 1930 1008 utpote
1977 925 2168 989 uera.’

330 1027 680 1110 participes
711 1027 980 1109 gratiae
1024 1050 1196 1091 meae
1238 1031 1396 1111 quia
1435 1031 1631 1105 dixit,
1674 1030 1962 1111 idipsum
2005 1029 2180 1091 dicit.

2279 945 2437 989 nam
2489 934 2556 990 et
2599 947 2761 990 com-

2272 1050 2352 1092 eo
2395 1029 2575 1111 quod
2619 1031 2760 1112 ipse

345 1137 691 1209 acceperat
730 1129 1014 1209 gratiam
1048 1131 1464 1211 apostolatus
1497 1141 1570 1194 ut
1600 1132 1943 1193 crederent
1973 1129 2103 1205 alii,
2133 1130 2302 1193 sicut
2333 1140 2400 1194 et
2435 1131 2759 1194 Romanis

343 1230 633 1292 scribens
684 1232 877 1293 dicit:
932 1242 1057 1312 per
1100 1252 1284 1312 quem
1343 1234 1691 1315 accepimus
1737 1233 2039 1315 gratiam
2097 1244 2161 1296 et
2214 1236 2635 1314 apostolatum
2687 1237 2760 1299 in

342 1329 727 1392 oboedientia
768 1330 941 1413 fidei
996 1331 1068 1393 in
1118 1334 1413 1396 omnibus
1452 1334 1757 1415 gentibus
1766 1357 1796 1409 ,·
1856 1335 1968 1417 qui
2022 1334 2333 1398 credebat
2392 1337 2759 1398 communi-

345 1430 542 1493 cabat
589 1433 816 1513 utique
859 1433 1177 1516 gratiae!
1267 1444 1334 1497 et
1381 1437 1649 1517 copiose
1693 1455 1887 1498 suurn
1934 1455 2092 1516 erga
2135 1456 2249 1498 eos
2295 1435 2609 1499 affectum
2652 1457 2760 1499 os-

345 1534 627 1597 tendens
675 1536 834 1599 dicit
859 1557 873 1599 :

474 1687 654 1749 testis
693 1688 863 1751 enim
911 1689 1079 1752 milti
1118 1700 1213 1753 est
1251 1690 1446 1766 Deus,
1488 1688 2021 1771 quemadmodum
2066 1688 2350 1752 desidero
2392 1710 2605 1753 omnes
2647 1713 2761 1755 uos

346 1789 417 1852 in
464 1790 811 1854 uisceribus
867 1793 1115 1858 Christi
1162 1796 1210 1857 J
1202 1814 1308 1855 esu
1328 1817 1357 1868 ,·
1412 1804 1476 1856 et
1521 1794 1633 1856 ltoc
1681 1814 1805 1868 oro,
1857 1803 1931 1855 ut
1973 1792 2217 1855 caritas
2261 1803 2477 1855 uestra
2545 1795 2761 1875 magis

347 1890 676 1971 magisque
703 1892 982 1955 abundet
1018 1893 1088 1955 in
1128 1895 1480 1975 cognitione
1505 1904 1568 1956 et
1603 1894 1786 1957 omni
1809 1915 2011 1968 sensu,
2045 1903 2120 1955 ut
2149 1893 2432 1975 probetis
2471 1895 2755 1971 utiliora,

345 2007 421 2059 ut
464 1996 614 2058 sitis
660 1996 929 2058 sinceres
977 2006 1042 2059 et
1077 1998 1217 2060 sine
1255 1997 1594 2078 offensione
1636 1998 1708 2060 in
1752 1997 1856 2059 die
1904 1995 2164 2072 Christi,
2209 1996 2428 2076 repleti
2450 1997 2757 2077 fructum

344 2098 635 2162 institiae
674 2099 860 2163 illum
903 2101 1019 2182 qui
1044 2110 1170 2180 per
1196 2102 1410 2164 Iesum
1457 2100 1793 2165 Christum
1832 2110 1927 2163 est
1970 2101 2040 2163 in
2072 2099 2358 2181 gloriam
2403 2110 2466 2163 et
2500 2101 2755 2165 laudem
2791 2113 2860 2180 15

345 2203 490 2268 Dei.

343 2383 426 2456 ὥς
470 2387 537 2451 ἐν
583 2388 716 2454 τοῖς
761 2382 1154 2466 εὐαγγελίοις
1193 2383 1268 2448 τὸ
1305 2385 1340 2449 ὁ
1388 2384 1596 2447 λαΒὼΝ
1632 2383 1815 2457 ᾼῨτοῩ
1857 2383 1973 2446 ‘nin
2022 2379 2346 2469 Μαρτγριάω
2396 2383 2752 2468 &emptis-neem

341 2490 431 2554 ὅτι
465 2487 504 2553 ό
556 2490 695 2553 Θεὸς
741 2489 976 2553 ἀληθής
1025 2489 1202 2562 germ,
1234 2485 1380 2552 ἀντὶ
1419 2489 1532 2550 τοῦ
1565 2493 1579 2517 ‘
1602 2487 1694 2572 τῷ
1736 2488 2089 2550 πιστεῦσαι
2128 2484 2536 2563 ἐβεβαίωσεν
2573 2484 2655 2551 τά
2682 2513 2757 2569 γε

344 2593 444 2657 ἐπ’
477 2591 651 2679 αύτῷ
693 2593 775 2657 τὰ
812 2589 993 2678 παρὰ
1026 2594 1137 2656 τοῦ
1175 2591 1319 2657 θεοῦ
1350 2589 1657 2674 γινόμενα
1688 2588 1772 2658 ὥς
1802 2588 2051 2671 ἀληθῆ.’
2142 2589 2255 2656 καὶ
2296 2593 2755 2666 εγΝκοιΝωΝοῨε

342 2690 412 2757 δέ
440 2719 561 2768 Μογ
592 2699 703 2759 τῆς
756 2699 988 2780 χάριτος
1036 2692 1109 2758 τὸ
1156 2692 1314 2758 αὐτὸ
1358 2691 1550 2773 λέγει·
1600 2690 1820 2772 ἐπειδὴ
1850 2689 1978 2778 γὰρ
2025 2690 2219 2761 αὐτὸς
2258 2690 2516 2778 εἰλήφει
2557 2692 2759 2780 χάριν
2783 2706 2869 2754 20

340 2795 726 2877 ἀποστολῆς
756 2797 845 2864 εἰς
875 2796 949 2861 τὸ
979 2797 1315 2862 πιστεύειν
1356 2793 1629 2880 ἑτέρους,
1665 2792 1698 2856 ὁ
1745 2793 2075 2859 πιστεύων
2113 2792 2196 2864 ὥς
2231 2793 2399 2863 εἰκὸς
2440 2794 2758 2860 ἐκοινώνει

341 2904 454 2981 τῆς
482 2900 771 2988 χάριτος.

442 3083 468 3115 2
508 3064 858 3116 testemonium
883 3068 950 3115 J!

341 3150 484 3198 illum
506 3150 574 3197 H
586 3164 618 3196 r

343 3312 425 3345 see
447 3296 622 3353 above,
652 3310 701 3358 p.
724 3308 828 3359 197,
858 3294 891 3342 l.
918 3309 992 3351 η,
1017 3294 1114 3341 and
1140 3310 1220 3343 vv.
1243 3294 1295 3342 ll.
1358 3293 1499 3341 With

344 3379 429 3426 the
484 3377 764 3441 exposition
818 3393 984 3441 comp.
1033 3377 1208 3425 Thdt.:
1259 3377 1502 3437 ἄσβεστον

346 3458 472 3518 ὑμῶν
497 3460 739 3522 περιφέρω
762 3460 849 3518 τὴν
873 3462 1078 3518 μνήμην,
1108 3460 1187 3506 καὶ
1222 3459 1499 3519 καθειργμέ-

345 3557 419 3590 νος
446 3544 525 3590 καὶ
558 3542 795 3599 δεδεμένος
828 3542 904 3589 καὶ
941 3543 1029 3598 τὴν
1056 3541 1172 3601 ὑπὲρ
1206 3538 1296 3587 τοῦ
1328 3541 1499 3600 κηρύγ-

341 3636 492 3677 ματος
515 3621 795 3679 ἀπολογίαν
820 3622 1105 3678 ποιούμενος.

410 3714 457 3749 2.
540 3701 629 3763 qui
658 3699 847 3763 accipit,
877 3699 993 3759 δια]
1062 3700 1115 3748 S.
1146 3699 1278 3760 John
1310 3698 1377 3747 iii.
1415 3715 1492 3762 33,

342 3780 507 3830 where
532 3781 828 3843 Euthymius
856 3781 1119 3844 interprcts
1136 3779 1430 3840 ἐσφράγισεν
1446 3796 1500 3828 as

353 3865 725 3926 Ζἐβεβαίωσεν,
772 3866 957 3922 ἔδειξεν.
1054 3865 1234 3927 Comp.
1286 3864 1382 3912 Th.
1433 3880 1498 3911 on

346 3944 476 4006 Eph.
508 3945 541 3991 i.
574 3959 627 4006 13
651 3951 803 4006 supra
828 3942 936 4004 (τὴν
958 3944 1219 4006 βεβαίωσιν
1254 3946 1497 4001 ἐδέξασθε·

343 4025 487 4074 τοῦτο
540 4023 639 4087 γὰρ
698 4027 833 4085 λέγει
887 4026 944 4072 τὸ
1011 4022 1497 4087 ἐσφραγίσθητε).

343 4107 497 4155 Thdt.
526 4107 684 4154 varies
714 4107 797 4153 the
826 4106 1158 4168 explanation,
1181 4107 1267 4153 but
1294 4106 1500 4153 adheres

342 4185 395 4232 in
426 4184 511 4232 the
546 4184 679 4231 main
716 4192 768 4231 to
800 4182 942 4230 Th.’s
977 4184 1102 4231 view
1135 4183 1192 4231 of
1221 4184 1495 4243 βεβαιώσει,

342 4268 526 4314 'nr->uz
562 4265 883 4327 βεβαίωσιν
925 4265 977 4312 δὲ
1016 4261 1115 4312 τοῦ
1149 4266 1501 4324 εὐαγγελίου

342 4349 407 4396 τὰ
461 4349 727 4406 παθήματα
780 4344 1230 4408 προσηγόρευσεν...
1253 4348 1278 4395 ὁ
1334 4348 1385 4396 δέ
1438 4364 1498 4407 γε

340 4428 528 4489 μυρίους
579 4428 702 4489 ὑπὲρ
758 4425 845 4475 τοῦ
899 4430 1199 4487 κηρύγματος
1254 4426 1501 4485 ὑπομένων

343 4511 574 4558 κινδύνους
613 4511 688 4557 καὶ
730 4512 827 4558 τοῖς
874 4511 1032 4558 αὐτοῖς
1070 4510 1315 4566 ἐπιμένων,
1361 4510 1500 4567 δῆλός

1118 3078 1143 3128 7
1180 3065 1448 3128 accipimus
1477 3066 1520 3114 C

817 3150 873 3196 18
909 3149 1220 3209 ἐκβεβαιώσει
1242 3148 1377 3195 edd.:
1415 3155 1487 3195 txt
1510 3146 1620 3195 cod.
1651 3148 1796 3205 (corr.
1822 3146 2086 3206 ἐβεβαίωσε
2107 3144 2165 3193 τό
2185 3162 2263 3206 γε,
2286 3149 2478 3207 κ.τ.λ.).

1697 3078 1748 3113 11
1788 3080 1878 3113 uos
1902 3080 2074 3113 omncs
2096 3066 2163 3113 J!
2333 3081 2405 3127 14,
2441 3080 2496 3128 15
2533 3065 2751 3116 fructu...

1602 3294 1736 3340 ἐστιν
1771 3292 1933 3351 ἀληθῆ
1969 3292 2263 3353 πρεσβεύων,
2298 3293 2379 3341 καὶ
2411 3289 2501 3353 τὴν
2534 3295 2755 3344 διδασκα·

1602 3375 1715 3420 λίαν
1748 3375 1943 3436 βεβαιοῖ
1971 3374 2070 3421 τοῖς
2104 3373 2398 3431 παθήμασιν.

1672 3469 1713 3517 7.
1778 3464 1873 3519 per
1891 3472 2028 3519 quem
2051 3457 2331 3518 accepimus,
2357 3455 2474 3517 ἀφ]
2542 3457 2690 3507 Rom.
2719 3457 2754 3506 i.

1602 3548 1645 3597 5.
1717 3536 1815 3584 For
1846 3537 1902 3583 in
1936 3536 2222 3584 oboedientia
2247 3536 2330 3585 the
2355 3538 2502 3586 Latin
2536 3539 2757 3587 versions

1600 3617 1729 3665 have
1751 3618 1822 3665 ad
1837 3618 2193 3667 oboediendum.

1666 3698 1714 3746 8.
1802 3699 2464 3760 communicabat...gratiae]
2531 3701 2626 3749 See
2650 3700 2751 3750 Gk.

1603 3784 1676 3845 (11.
1709 3799 1784 3842 21,
1820 3786 1932 3844 22);
1967 3784 2066 3832 and
2092 3783 2166 3831 sor
2189 3784 2273 3833 the
2297 3800 2434 3833 more
2466 3785 2605 3833 usual
2640 3801 2755 3833 con-

1601 3865 1866 3912 structions
1889 3864 1952 3912 cf.
1979 3880 2027 3927 p.
2060 3876 2103 3923 5,
2134 3864 2166 3912 l.
2203 3877 2241 3923 1,
2272 3873 2404 3914 note.
2468 3865 2650 3929 Comp.
2681 3867 2758 3915 Dr

1603 3945 1903 4007 Lightsoot’s
1928 3954 2044 3992 note
2067 3959 2134 3991 on
2159 3945 2271 3993 Gal.
2298 3945 2361 3991 vi.
2389 3944 2437 3993 6.

1675 4043 1692 4075 1
1708 4043 1747 4075 1.
1799 4027 2198 4090 quemadmodum
2218 4028 2443 4088 desidero]
2485 4028 2755 4085 Ambrstr.‚

1605 4108 1775 4156 Sedul.
1824 4110 1981 4164 Scot.‚
2029 4110 2157 4171 “qn.
2196 4106 2543 4163 desiderem;''
2583 4109 2750 4171 Vulg.,

1604 4190 1898 4251 “quomodo
1923 4187 2173 4250 eupiam.”
2225 4189 2324 4237 For
2345 4188 2611 4251 cognitione
2632 4190 2755 4237 Am-

1601 4266 1748 4315 brstr.
1784 4268 1874 4315 has
1908 4268 2195 4327 agnitionoe
2229 4268 2401 4331 Vulg.,
2433 4270 2633 4317 scientia
2668 4271 2750 4329 (cf.

1597 4355 1769 4408 supra,
1793 4363 1840 4410 p.
1880 4347 1985 4408 136,
2015 4345 2046 4395 l.
2077 4367 2122 4408 4,
2152 4351 2316 4407 note);
2341 4348 2414 4395 sor
2434 4350 2653 4407 utiliora,
2671 4351 2756 4399 the

1602 4429 1750 4477 Latin
1768 4420 2056 4477 authorities
2073 4430 2184 4492 give
2198 4432 2407 4493 potiora.
2452 4432 2534 4479 On
2551 4434 2758 4482 sinceres

1602 4528 1683 4559 sce
1711 4511 1927 4567 Ronseh,
1959 4512 2108 4569 Itala,
2135 4528 2182 4574 p.
2217 4524 2324 4573 274.
2397 4513 2586 4560 Robcrt
2609 4514 2666 4561 os
2695 4515 2751 4565 B.

2793 1557 2872 1604 10
