3293 5233
312 405 425 470 IV.
460 403 679 490 2-6.]
1050 417 1133 468 IN
1182 417 1287 470 ει».
1331 416 1435 468 An
1482 415 2001 469 conossmssns.
2596 420 2719 487 307

433 586 722 651 orationi
746 584 1053 662 insistere,
1087 583 1437 669 uigilantes
1466 585 1537 648 in
1564 606 1640 649 ea
1667 606 1812 650 cum
1829 586 2217 670 gratiarum
2245 587 2502 653 actione.
2575 587 2580 592 ’

435 720 774 804 praecepit
819 720 1040 785 sobria
1079 729 1304 784 mente
1334 719 1599 785 assidue
1629 741 1836 799 orare,
1865 730 2068 805 atque
2098 723 2346 807 gratias
2376 742 2572 807 agere
2602 744 2724 807 pro

310 822 438 888 illis
467 824 659 888 bonis
690 843 863 919 quae
892 823 1017 886 sibi
1050 832 1203 887 sunt
1235 842 1275 886 a
1307 823 1457 887 Deo
1487 822 1753 888 tributa.

437 999 696 1052 orantes
730 989 943 1053 simul
965 999 1030 1053 et
1046 1002 1173 1071 pro
1213 988 1408 1067 nobis,
1440 999 1518 1053 ut
1552 989 1736 1053 Deus
1772 988 2027 1072 aperiat
2064 990 2244 1054 nobis
2280 990 2516 1055 ostium
2548 991 2732 1056 uerbi

308 1088 486 1170 loqui
530 1090 905 1170 mysterium
953 1089 1220 1168 Christi,
1251 1102 1518 1174 propter
1558 1090 1736 1173 quod
1772 1101 1836 1155 et
1876 1090 2123 1175 ligatus
2166 1113 2313 1156 sum
2324 1113 2354 1166 ,·
2404 1103 2479 1156 ut
2517 1093 2727 1156 mani-
2806 1090 2835 1158 5

291 1192 532 1273 festem
565 1192 743 1270 illud,
773 1193 941 1257 sz'cut
965 1192 1258 1257 conuenit
1285 1214 1383 1257 me
1410 1194 1599 1275 loqui.

445 1328 595 1391 ‘sed
627 1336 697 1392 et
736 1348 856 1410 pro
888 1327 1080 1393 nobis
1120 1328 1389 1411 (inquit)
1421 1337 1608 1393 orate
1638 1336 1715 1391 ut
1752 1336 2146 1411 cooperetur
2176 1306 2367 1394 nobis
2400 1330 2731 1394 Dominus

312 1436 381 1491 et
410 1429 649 1493 docere
685 1449 916 1494 omnes
946 1430 1275 1512 possimus
1308 1431 1489 1494 illam
1522 1450 1696 1514 quae
1726 1431 1795 1493 in
1837 1430 2177 1495 Christum
2218 1442 2320 1496 est
2362 1433 2729 1545 ueritatem,

312 1548 435 1611 pro
465 1550 598 1612 quo
630 1539 696 1595 et
727 1531 1060 1614 adligatus
1091 1550 1239 1596 sum
1271 1531 1357 1595 ad
1389 1531 1737 1615 praesens.

401 1697 472 1763 in
500 1698 817 1782 sapientia
845 1699 1168 1764 ambulate
1193 1699 1291 1763 ad
1310 1720 1412 1763 eos
1438 1720 1549 1782 qui
1544 1698 1753 1782 'foris
1779 1709 1948 1777 sunt,
1981 1709 2224 1783 tempus
2253 1701 2646 1769 redimentes.
2771 1719 2847 1765 10

444 1843 634 1900 ‘cum
666 1837 1020 1920 prudentia
1064 1835 1335 1920 (inquit)
1369 1836 1496 1899 illis
1526 1837 1640 1919 qui
1674 1836 1976 1900 extranei
2022 1846 2179 1902 sunt
2220 1859 2260 1900 a
2303 1835 2434 1902 fide
2474 1839 2734 1922 discep-

313 1943 566 2017 tamini,
600 1961 910 2024 praesens
950 1950 1234 2022 tempus,
1276 1951 1475 2023 prout
1519 1940 1921 2004 conueniens
1958 1949 2079 2018 est,
2110 1942 2316 2023 probe
2347 1943 2538 2005 uobis
2567 1943 2735 2006 adu-

316 2058 533 2111 tentes
562 2048 604 2125 ;’
668 2067 749 2109 eo
809 2046 990 2128 quod
1052 2045 1161 2109 ille
1208 2046 1321 2128 qui
1384 2050 1729 2126 comparat
1777 2042 2046 2126 aliquid,
2094 2044 2180 2107 ad
2226 2064 2420 2108 usum
2464 2065 2732 2109 suarum

320 2151 685 2214 utilitatum
736 2148 900 2212 illud
955 2156 1315 2230 comparat.
1408 2148 1535 2211 hoc
1589 2146 1801 2210 uoluit
1854 2148 2089 2224 dicere,
2135 2150 2452 2231 quoniam
2505 2154 2735 2233 ‘prae-

316 2254 486 2314 senti
545 2261 862 2332 tempore,
918 2251 983 2312 in
1045 2270 1178 2332 quo
1231 2249 1410 2313 mala
1470 2250 1831 2326 abundant,
1886 2271 2007 2333 pro
2064 2251 2303 2314 uirium
2365 2261 2731 2316 uestrarum
2773 2260 2842 2327 15

320 2357 640 2442 qualitate
681 2355 841 2418 illud
883 2375 1081 2436 agere
1113 2362 1463 2438 properate
1494 2355 1676 2436 quod
1711 2355 1901 2418 uobis
1946 2355 2264 2437 expedire
2295 2357 2734 2437 cognoscitis;

321 2469 393 2523 ut
425 2470 491 2524 et
523 2462 859 2524 mercedes
905 2459 1095 2522 uobis
1143 2459 1208 2520 in
1254 2457 1548 2521 futurum
1582 2478 1703 2540 pro
1732 2458 1859 2521 hac
1889 2459 2392 2522 conuersatione
2428 2461 2737 2543 prouide-

318 2562 461 2638 atiS,
494 2581 616 2646 pro
646 2549 885 2645 quibus
917 2561 1009 2624 ita
1041 2560 1107 2623 in
1141 2559 1469 2642 praesenti
1501 2559 1766 2623 saeculo
1797 2559 2334 2625 commoramini.’

446 2750 651 2792 sermo
691 2739 899 2791 uester
930 2739 1177 2809 semper
1211 2726 1280 2789 in
1305 2726 1540 2809 gratia
1577 2724 1713 2787 sale
1752 2725 1845 2789 sit
1884 2726 2187 2803 conditus,
2235 2726 2397 2790 scire
2436 2727 2735 2809 quemad-

320 2830 577 2893 modum
608 2852 721 2893 uos
746 2831 1081 2893 conueniat
1108 2850 1194 2892 un
1202 2828 1445 2910 icuiqtee
1473 2829 1854 2911 respondere.
2083 2816 2092 2823 ⁶
2766 2826 2853 2872 20

451 2971 839 3049 ‘properate
894 2966 1161 3049 (inquit)
1214 2965 1325 3030 illa
1372 2986 1544 3048 quae
1597 2965 1988 3048 prudentiae
2032 2983 2295 3046 semper
2338 2963 2537 3047 plena
2582 2974 2736 3030 sunt

317 3069 639 3153 proloqui,
662 3071 1157 3134 considerantes
1191 3069 1371 3152 quod
1397 3079 1706 3151 oporteat
1731 3054 2082 3152 unicuique
2113 3070 2272 3133 dare
2304 3088 2693 3150 responsum
2721 3090 2735 3145 ;

316 3175 788 3237 conuenienter
817 3173 1252 3255 disputanteS,
1285 3175 1377 3235 ita
1411 3181 1484 3235 ut
1526 3174 1741 3255 magis
1781 3174 2036 3236 donum
2074 3172 2344 3256 aliquod
2380 3194 2466 3235 ex
2501 3174 2735 3236 uestris

315 3278 729 3340 sermonibus
759 3276 981 3359 perfici
1015 3277 1359 3341 uideatur.’
1447 3276 1551 3338 his
1590 3277 1871 3340 adiecit:

416 3462 442 3511 5
478 3447 790 3497 manifestum
816 3446 883 3495 H
988 3463 1006 3495 1
1023 3461 1041 3494 1
1081 3462 1191 3495 cum
1218 3446 1531 3510 prudentiam
1555 3447 1663 3511 quit
1692 3445 1762 3494 C*
1869 3458 1923 3493 ια
1959 3445 2115 3509 probe
2136 3461 2212 3492 om
2238 3460 2268 3490 r
2403 3457 2458 3506 ¹7
2494 3459 2585 3507 pro
2607 3442 2737 3492 hanc

318 3529 745 3578 conuersationem
774 3527 845 3575 C*
1045 3543 1103 3590 23
1139 3528 1329 3591 aliquid
1359 3527 1426 3576 C*
1454 3543 1486 3575 r
1546 3528 1737 3591 aliquot
1763 3527 1829 3574 II
2017 3542 2078 3587 24
2112 3525 2262 3573 adicit
2290 3525 2332 3574 C

389 3700 429 3736 1.
479 3683 716 3743 insistere]
738 3684 1157 3745 προσκαρτερεῖτε.
1192 3682 1305 3731 The
1325 3683 1476 3731 Latin
1638 3698 1711 3732 η.
1779 3690 2011 3746 praesens
2042 3687 2243 3745 tempus,
2269 3681 2383 3742 δια]
2451 3682 2736 3734 Lanfrancz

319 3768 539 3816 versions
560 3766 675 3830 give
701 3764 977 3814 “instate.”
1019 3766 1144 3814 Cum
1173 3763 1268 3827 (sor
1293 3765 1370 3823 in)
1388 3780 1470 3827 gr.
1572 3768 1699 3830 “pr.
1749 3773 1785 3814 t.
1832 3765 1898 3812 ad
1942 3763 2209 3812 utilitatem
2256 3774 2478 3813 nostram
2534 3782 2734 3831 compa-

318 3849 500 3897 actione
514 3865 536 3907 ,·
569 3863 625 3896 so
649 3848 899 3895 Ambrstr.
1573 3845 1795 3894 rantes.”

384 3947 430 3991 4.
502 3929 643 3977 uerbi
694 3928 848 3991 loqui]
928 3928 1082 3990 Vulg.
1136 3932 1168 3953 “
1187 3926 1428 3975 sermonis
1446 3926 1473 3949 ”
1636 3927 1912 3986 adutentes]
1996 3927 2123 3974 This
2180 3942 2298 3988 very
2348 3941 2458 3974 rare
2507 3925 2635 3975 form
2693 3927 2734 3977 is

321 4012 507 4071 (Fulam
530 4011 708 4071 uerbi),
732 4012 845 4058 “ad
868 4009 1225 4074 loquendum.’'
1266 4011 1477 4071 Lejgratus
1572 4010 1845 4071 supported
1884 4009 1951 4071 by
1984 4008 2107 4057 both
2148 4024 2239 4055 our
2280 4008 2438 4056 MSS.
2478 4008 2595 4057 here
2633 4010 2733 4057 and

319 4095 361 4143 is
382 4111 447 4143 an
471 4095 536 4145 Ο.
554 4095 614 4143 L.
640 4093 935 4157 rendering3
972 4093 1123 4156 Vulg.
1156 4091 1454 4141 “uinctus'’
1572 4092 1738 4139 below
1782 4107 1848 4140 on
1902 4106 1919 4138 ι
1971 4092 2101 4139 Tim.
2143 4107 2189 4138 v.
2233 4106 2277 4151 3.
2374 4091 2546 4139 Vobis:
2606 4093 2635 4116 ‘⁸
2661 4092 2735 4139 sor

384 4191 430 4241 9.
490 4182 588 4239 pro
608 4174 722 4239 quo]
792 4175 933 4222 Read
960 4175 1174 4237 perhaps
1190 4182 1285 4236 pro
1308 4190 1421 4237 qua.
1575 4189 1702 4237 your
1734 4189 1847 4221 own
1880 4170 2173 4236 purpose5‚’'
2212 4174 2321 4219 “to
2352 4188 2474 4234 your
2506 4188 2619 4220 own
2648 4173 2732 4220 ad-

390 4271 464 4304 11.
530 4254 1265 4318 disceptamt'ni]=disceptate;
1322 4269 1352 4301 a
1391 4253 1476 4300 de·
1577 4252 1871 4317 vantage’';
1907 4269 1989 4302 see
2012 4270 2062 4316 p.
2097 4254 2200 4310 181,
2231 4253 2361 4314 l.14,
2389 4261 2525 4302 note.

318 4345 505 4401 ponent
552 4337 678 4385 sorm
724 4344 778 4384 to
821 4335 1123 4398 correspond
1170 4335 1289 4382 with
1338 4350 1476 4382 some
1650 4348 1724 4396 ¹9·
1813 4331 1950 4391 scire]
2009 4332 2213 4389 εἰδέναις
2281 4330 2343 4378 cs.
2389 4331 2525 4393 loqui
2568 4331 2619 4389 (l.
2666 4330 2731 4393 5).

318 4417 438 4465 such
462 4418 727 4466 middleas
751 4416 1054 4475 διαλέγεσθε.
1106 4415 1182 4466 Cf.
1212 4431 1263 4479 p.
1290 4415 1393 4470 8,1.
1426 4432 1471 4475 4,
1578 4413 1729 4475 Vulg.
1783 4414 1884 4460 “ut
1931 4409 2160 4469 sciatis”;
2205 4411 2302 4458 and
2343 4427 2401 4460 so
2444 4411 2529 4462 the
2576 4412 2638 4461 O.
2674 4412 2731 4461 L.

214 4494 220 4501 ’
317 4504 453 4546 note.
1580 4495 1786 4543 Donum
1821 4491 2026 4555 aliquod
2031 4512 2071 4532 =
2082 4491 2302 4552 χάρισμά
2336 4509 2401 4540 τι.
