3293 5233
483 371 564 433 28
1147 350 1602 433 TnEononth
1650 376 2233 431 MoPsUEs‘rENUS
2508 364 2623 448 [ΙΙ.
2665 378 2759 445 15,
2799 367 2895 429 16.

484 553 761 618 facimus
811 551 1282 628 infirmitatem,
1334 559 1567 636 utpote
1620 552 1953 616 mortales,
2041 550 2207 616 haec
2249 560 2316 616 et
2366 550 2602 617 beatus
2653 553 2897 619 Paulus

485 655 812 721 Romanis
863 656 1156 719 scribens
1208 655 1407 719 latius
1454 653 1719 718 uidetur
1770 653 2162 736 explicasse,
2211 653 2478 717 dicens:
2541 675 2667 718 non
2723 656 2896 719 enim

483 758 658 839 quod
694 760 834 822 uolo
875 759 989 822 lzoc
1015 758 1205 839 facio
1258 757 1504 828 bonum,
1559 755 1676 818 sed
1722 754 1896 838 quod
1935 755 2077 818 nolo
2130 754 2377 818 malum
2427 754 2540 818 lzoc
2583 776 2719 838 age.
2811 766 2894 831 et,

487 859 743 922 inuenio
773 858 966 940 legem
1000 858 1240 921 uolenti
1279 857 1450 920 milti
1473 859 1701 940 facere
1736 857 1911 939 quod
1935 856 2167 919 bonum
2208 866 2304 919 est
2320 880 2350 931 ,·
2394 858 2701 939 quoniam
2731 858 2902 921 milzi

424 959 734 1032 §malum
793 959 1053 1024 adiacet.
1142 969 1227 1034 et,
1287 959 1666 1022 condelector
1723 958 1855 1040 legi
1916 956 2052 1020 Dei
2106 957 2452 1020 secundum
2528 958 2897 1021 interiorem

486 1062 803 1125 hominem
823 1083 854 1134 ‚·
885 1062 1068 1125 uideo
1096 1072 1311 1125 autem
1346 1063 1552 1124 aliam
1583 1062 1779 1143 legem
1813 1062 1882 1125 in
1914 1061 2221 1124 membris
2242 1063 2416 1137 meis,
2440 1074 2897 1146 repugnantem

488 1165 618 1247 legi
643 1166 875 1228 mentis
902 1187 1089 1230 meae.
1179 1176 1246 1230 et
1280 1165 1391 1229 illa
1424 1187 1595 1248 quae
1639 1165 1706 1227 in
1749 1164 1862 1228 illa
1903 1174 2094 1247 parte
2134 1165 2459 1247 epistolae
2492 1177 2898 1231 memoratus

428 1286 435 1293 ·
489 1275 608 1345 est,
641 1266 889 1331 docens
921 1287 1043 1331 nos
1085 1288 1289 1350 quam
1332 1268 1545 1330 multa
1586 1276 1654 1330 et
1695 1287 1816 1350 per
1856 1275 2132 1330 naturae
2176 1266 2628 1331 infirmitatem
2669 1278 2900 1332 contra

491 1372 905 1456 propositum
958 1380 1257 1434 nostrum
1303 1371 1767 1454 delinquimu5‚
1802 1379 1869 1433 et
1901 1370 2173 1453 quidem
2228 1369 2377 1453 lege
2413 1369 2594 1453 quod
2648 1371 2898 1435 bonum

387 1494 465 1542 10
492 1484 593 1538 est
629 1476 866 1538 edocti.
957 1496 1128 1557 quae
1182 1474 1387 1539 etiam
1430 1476 1690 1539 cautius
1736 1495 2136 1556 cognoscere
2182 1476 2331 1557 quis
2376 1476 2639 1558 poterit,
2671 1478 2724 1540 si
2769 1480 2902 1544 dis-

490 1586 713 1641 cutere
758 1576 1042 1640 uoluerit
1088 1578 1704 1661 interpretationem
1752 1576 1935 1639 illam
1987 1575 2311 1659 epistolae
2357 1597 2559 1659 quam
2611 1578 2734 1661 ipsi
2785 1601 2902 1643 ex·

490 1680 791 1761 posuisse
850 1680 1172 1743 uidemur.
1285 1680 1398 1762 qui
1459 1680 1513 1742 si
1575 1700 1709 1742 una
1770 1680 2063 1761 quadam
2126 1679 2347 1762 specie
2411 1700 2569 1763 erga
2631 1701 2749 1744 nos
2811 1681 2897 1745 ad

491 1784 765 1867 plenum
808 1805 964 1847 usus
1006 1783 1252 1861 fuisset,
1285 1803 1417 1866 qua
1451 1804 1572 1847 nos
1614 1783 1916 1866 legitimo
1949 1781 2173 1845 animo
2211 1792 2673 1865 praeparasset
2713 1804 2901 1867 prae-

491 1885 754 1969 eligere,
797 1885 885 1950 ad
930 1887 1055 1950 hoc
1102 1887 1302 1950 etiam
1354 1905 1487 1948 non
1526 1892 1833 1948 naturam
1886 1885 2235 1948 instituens
2284 1906 2670 1949 concurrere
2716 1885 2903 1949 fecis-

390 2010 459 2078 15
494 2002 613 2069 set,
676 1990 835 2054 nihil
910 1991 1173 2054 differre
1248 1989 1558 2052 iumentis
1650 1986 2152 2051 inrationalibus
2229 1986 2620 2064 uideremur,
2712 1989 2900 2052 inuiti

494 2095 707 2178 magis
760 2093 847 2157 ad
896 2092 1214 2158 bonitatis
1263 2102 1487 2156 actum
1549 2090 1810 2173 inpulsi.
1889 2090 2005 2154 illa
2058 2112 2215 2154 uero
2261 2111 2435 2173 quae
2480 2091 2903 2155 existimatur

493 2197 923 2263 contrarietas
972 2196 1185 2258 inesse
1227 2195 1435 2269 nobiS‚
1482 2194 1653 2257 sicut
1697 2213 1907 2274 nuper
1950 2192 2262 2268 diximuS,
2313 2195 2900 2257 rationabilitatem

492 2301 708 2385 ipsam
764 2300 832 2361 in
885 2318 1085 2380 opere
1139 2296 1345 2359 uideri
1400 2295 1671 2377 perficit.
1763 2293 2107 2357 euidenter
2168 2303 2391 2358 autern
2456 2315 2577 2358 nos
2638 2305 2900 2358 nostrae

496 2401 862 2483 uoluptatis
895 2399 1202 2463 dominos
1236 2397 1538 2469 instituit,
1575 2405 1646 2458 ut
1694 2395 1875 2477 quod
1920 2395 2227 2457 uolumus
2276 2396 2619 2478 eligamus,
2668 2406 2902 2460 natura

385 2521 471 2568 20
496 2506 769 2587 quidem
820 2512 1092 2586 propter
1139 2501 1319 2564 illam
1372 2520 1545 2581 quae
1588 2500 1761 2561 inest
1815 2499 1873 2561 ei
1926 2497 2400 2561 mortalitatem
2454 2500 2540 2561 ad
2593 2499 2721 2562 hoc
2782 2520 2902 2563 nos

497 2608 909 2684 adtrahente,
954 2605 1210 2688 legibus
1255 2625 1412 2667 uero
1458 2624 1578 2666 nos
1626 2623 1663 2665 e
1705 2601 2032 2666 contrario
2064 2601 2497 2677 docentibus;
2545 2609 2612 2664 et
2642 2602 2904 2665 animae

498 2714 896 2777 auctoritate
944 2709 1413 2774 discretionem
1463 2726 1691 2769 eorum
1748 2706 1833 2768 ad
1889 2705 1953 2767 id
2012 2703 2192 2786 quod
2240 2703 2363 2765 sibi
2411 2703 2671 2765 libitum
2712 2703 2903 2766 fuerit

497 2813 862 2878 secundum
895 2822 968 2877 ut
999 2811 1398 2875 conueniens
1430 2818 1531 2872 est
1566 2807 1863 2884 faciente,
1912 2806 2028 2869 sed
2079 2825 2201 2868 nec
2242 2805 2552 2867 deuiante
2584 2824 2901 2885 umquam

499 2944 537 2987 a
578 2943 699 2986 suo
747 2917 1106 3003 proposito,
1139 2938 1178 2979 a
1217 2914 1562 2978 meliorum
1611 2910 1842 2995 gloria,
1875 2909 2030 2972 licet
2077 2907 2363 2971 naturali
2410 2906 2792 2969 infirmitate
2838 2906 2902 2967 in

389 3036 467 3101 25
501 3022 863 3087 contrarios
911 3020 1277 3083 deducatur
1318 3024 1519 3079 actuS.
1611 3012 1948 3076 iustificari
1999 3022 2226 3074 tamen
2265 3010 2327 3072 in
2378 3010 2711 3093 praesenti
2767 3008 2906 3070 uita

498 3124 899 3209 scrupulose,
950 3122 1312 3186 secundum
1373 3118 1538 3202 legis
1598 3115 2173 3181 conuersationem
2237 3123 2302 3177 et
2370 3114 2663 3176 maxime
2711 3113 2908 3194 Moy-

500 3228 717 3291 saicae
772 3246 943 3308 quae
993 3222 1204 3286 multa
1256 3221 1461 3284 habet
1510 3227 1884 3301 praecepta,
1937 3226 2004 3280 et
2054 3217 2264 3280 multa
2315 3216 2569 3298 indiget
2630 3214 2908 3290 cautela,

500 3327 887 3413 inpossibile
941 3335 1057 3389 est.
1163 3333 1624 3387 uerumtamen
1667 3342 1800 3384 non
1845 3322 1988 3384 sine
2035 3329 2260 3382 nostra
2299 3318 2586 3382 utilitate
2630 3339 2731 3380 res
2764 3317 2908 3399 ipsa

502 3432 818 3510 efficitur3
882 3438 955 3492 ut
1004 3436 1230 3492 autem
1274 3426 1533 3489 firmam
1575 3426 1981 3507 accipiamus
2036 3423 2534 3485 instructionem
2574 3421 2909 3497 bonitatiS,

597 3611 625 3645 α
665 3594 878 3644 scribere
910 3593 954 3641 C
959 3590 985 3616 ⁴
1011 3591 1079 3639 H
1266 3602 1297 3653 9
1332 3588 1628 3652 deliquimus
1671 3587 1714 3635 C
1719 3586 1747 3611 ⁴*
1952 3601 2010 3634 10
2045 3585 2262 3632 discurre
2296 3583 2338 3631 C
2344 3581 2371 3606 ⁴*
2396 3583 2665 3631 discurrere
2704 3582 2747 3630 C
2770 3579 2913 3644 (corr)

506 3695 558 3729 11
598 3679 703 3741 ipse
743 3677 788 3725 C
1000 3687 1054 3721 12
1089 3673 1286 3720 uidetur
1325 3674 1366 3720 C
1399 3669 1543 3733 (corr)
1770 3679 1824 3730 17
1863 3666 2077 3714 diximus
2109 3682 2185 3712 om
2220 3665 2282 3712 H
2475 3679 2533 3710 22
2570 3663 2913 3711 auctoritatem

506 3764 548 3812 C
567 3763 634 3811 H
647 3760 656 3826 l
687 3760 841 3809 suerat
863 3754 957 3805 ll*
1158 3766 1219 3816 27
1246 3754 1453 3801 multam
1487 3751 1591 3799 ind.
1615 3750 1861 3798 cautelam
1884 3749 1951 3797 ll
2140 3748 2202 3795 28
2237 3752 2456 3793 nostram
2479 3744 2544 3792 H
2552 3742 2578 3768 ⁴*

568 3931 611 3965 α.
685 3912 926 3963 Romanis
969 3909 1197 3970 scribens]
1261 3909 1407 3957 Rom.
1448 3906 1529 3956 vii.
1577 3919 1651 3968 19,
1759 3903 1868 3952 The
1906 3900 2229 3965 punctuation
2267 3900 2485 3964 adopted
2522 3899 2562 3949 is
2596 3899 2737 3950 Th.’s
2770 3918 2917 3960 own3

504 4013 660 4047 ἰι-α
670 4009 714 4057 3.
789 3995 970 4058 Comp.
1011 3991 1155 4041 Th.’s
1189 4006 1388 4048 comm,
1428 3989 1658 4049 βούλεται
1758 3983 1821 4032 cf.
1854 3983 1887 4030 l.
1921 3999 1981 4040 c.,
2024 3983 2149 4030 κατὰ
2185 3982 2410 4041 διαίρεσιν
2443 3981 2795 4042 ἀναγνωστέον
2833 3981 2918 4029 εὖ·

505 4081 656 4128 εἰπεῖν
681 4079 756 4126 δτι
783 4078 926 4125 καλὸς
949 4076 1035 4133 μὲν
1061 4074 1085 4122 ὁ
1109 4074 1245 4130 νόμος
1268 4071 1501 4118 παιδεύων
1525 4070 1557 4117 ά
1592 4070 1664 4117 δεῖ
1759 4066 1938 4126 ρίσκω
1965 4064 2075 4126 ἄρα
2174 4064 2276 4110 εἶτα
2309 4063 2430 4122 ἑξῆς·
2468 4063 2557 4110 ὅτι
2593 4064 2719 4121 ἐμοὶ
2748 4064 2804 4111 τὸ
2834 4079 2913 4110 κα-

505 4163 593 4219 τὴν
639 4156 991 4220 ψυχήν..,ἐγὼ
1036 4155 1086 4202 δὲ
1134 4153 1210 4200 διὰ
1252 4151 1338 4209 τῆς
1377 4152 1660 4209 θνητότητος
1762 4149 1844 4195 κὸν
1882 4147 2158 4207 περίκειται.
2230 4145 2315 4193 He
2361 4144 2611 4208 explains:
2660 4145 2784 4193 κατὰ
2831 4146 2919 4204 μὲν

507 4241 696 4299 πολλὴν
718 4239 825 4300 περὶ
848 4239 904 4286 τὸ
929 4236 1166 4297 ἁμαρτίαν
1190 4239 1277 4295 τὴν
1300 4234 1551 4295 εὐβουλίαν
1585 4234 1656 4280 δε·
1761 4230 1850 4287 τὴν
1881 4229 2044 4289 ψυχὴν
2076 4227 2309 4288 χρήσιμος
2341 4225 2366 4274 ὁ
2394 4223 2689 4286 νόμος...τὴν
2723 4228 2828 4286 περὶ
2859 4228 2916 4275 τὸ

404 4319 417 4331 ’
506 4321 704 4380 ξάμενος
737 4319 1054 4379 ἀπηλλάχθαι
1101 4320 1186 4366 τοῦ
1231 4318 1420 4365 πταίειν
1459 4316 1536 4364 διὰ
1573 4316 1661 4374 τῆς
1763 4309 2048 4370 ἁμαρτάνειν
2072 4310 2120 4357 δὲ
2145 4307 2276 4366 ἡμῶν
2300 4308 2517 4354 εὐκολίαν
2541 4304 2753 4364 οὐδαμῶς
2786 4308 2916 4354 δύνα-

507 4402 592 4448 τοῦ
614 4398 756 4457 νόμου
777 4398 1088 4446 διδασκαλίας
1111 4399 1165 4444 οὐ
1188 4398 1401 4455 δύναμαι.
1762 4409 1842 4438 ται
1866 4391 2081 4450 ἀφελεῖν,
2104 4388 2208 4448 ἥτις
2243 4390 2340 4437 ἀπὸ
2374 4391 2459 4448 τῆς
2494 4384 2781 4447 θνητότητος
2814 4389 2913 4435 ἐνε-

574 4499 616 4541 ⁴-
696 4478 826 4541 quod
871 4477 1048 4524 bonum
1102 4484 1168 4525 cst
1181 4494 1203 4538 ,·
1251 4477 1500 4540 quoniam,
1548 4474 1660 4533 &c.]
1762 4475 1946 4534 γένετο.
