3293 5233
394 411 443 474 1.
486 411 776 496 12—14]
1118 425 1203 476 m
1252 425 1357 477 ΕΡ.
1402 422 1505 474 AD
1555 421 2098 476 PHILIPPENSES.
2684 423 2805 490 205

390 595 721 679 siquidem
781 604 1088 681 sumptus
1141 596 1399 660 misisse
1446 596 1795 675 uidentur;
1851 595 2289 661 conueniebat
2338 597 2516 662 enim
2564 595 2812 661 talibus
2905 610 2914 619 ·

393 708 462 763 et
493 698 605 763 illa
642 721 814 783 quae
858 700 1227 764 secundum
1257 719 1330 763 se
1362 707 1551 763 erant
1590 708 1752 762 nota
1784 697 2017 777 facere,
2064 698 2394 782 simulque
2435 707 2504 763 et
2534 698 2621 763 ad
2653 699 2812 763 doc-

393 802 637 866 trinam
676 802 806 866 illis
850 803 1167 886 proficere
1207 808 1534 885 poterant.
1624 821 1784 864 nam
1822 802 1978 884 quia
2018 800 2144 865 sub
2185 810 2368 866 arcta
2405 810 2547 866 erat
2586 822 2813 866 neces-

393 902 591 966 sitate
637 903 980 986 apostolus
1029 904 1298 986 pietatis
1351 901 1937 985 contemplatione,
1984 902 2313 966 sufficiens
2360 911 2501 967 erat
2555 902 2813 966 erudire

393 1002 540 1067 illos
583 1004 723 1067 eius
755 1005 1132 1068 imitatione
1168 1006 1372 1069 etiarn
1404 1004 1714 1087 grauiora
1757 1003 2041 1068 tolerare
2072 1025 2193 1087 pro
2226 1004 2490 1068 uirtute.
2583 1003 2813 1085 incipit
2888 1001 2917 1068 5

394 1124 556 1167 uero
603 1125 731 1169 s1c:

523 1255 684 1319 scire
724 1267 939 1320 autem
989 1278 1103 1320 uos
1136 1257 1292 1333 nola,
1324 1257 1605 1339 fratres,
1654 1255 1960 1338 quoniam
2003 1277 2078 1320 ea
2121 1277 2283 1338 quae
2319 1278 2476 1340 erga
2521 1277 2621 1320 me
2661 1266 2840 1321 sunt.

394 1360 611 1440 magis
658 1359 755 1422 ad
789 1360 1153 1441 profectum
1211 1360 1536 1442 euangelii
1574 1369 2025 1441 peruenerunt,
2081 1360 2178 1423 ita
2224 1370 2301 1423 ut
2356 1361 2616 1424 uincula
2675 1381 2816 1423 mea

393 1460 749 1540 manzsesta
797 1460 869 1523 in
924 1460 1177 1525 Christo
1202 1461 1446 1542 fierent
1488 1461 1559 1524 in
1605 1470 1731 1524 toto
1764 1461 2095 1543 praetorio
2139 1471 2203 1524 et
2242 1463 2463 1525 ceteris
2505 1462 2812 1536 omnibus,

394 1571 458 1623 et
470 1562 696 1642 plures
707 1563 1021 1644 fratrum
1052 1563 1127 1648 in
1153 1562 1437 1626 Domino
1466 1563 1844 1646 confidentes
1872 1564 2152 1627 uinculis
2180 1564 2340 1627 meis
2375 1564 2817 1628 abundantius
2847 1569 2927 1616 10

394 1664 709 1728 auderent
734 1665 874 1729 sine
903 1666 1131 1729 timore
1160 1667 1424 1729 uerbum
1456 1667 1643 1749 loqui.

529 1804 818 1888 †beatus
882 1806 1124 1871 Paulus
1185 1806 1532 1891 adpellans
1609 1809 1887 1873 Festum
1948 1831 2029 1873 eo
2089 1810 2272 1894 quod
2340 1810 2613 1876 uolebat
2659 1832 2812 1876 eum

402 1910 669 1974 Iudaeis
713 1912 993 1988 tradere,
1036 1920 1104 1975 et
1145 1909 1492 1994 postulans
1537 1933 1609 1975 se
1657 1912 1833 1974 mitti
1887 1913 1973 1975 ad
2023 1912 2398 1991 Caesarem,
2432 1914 2668 1978 ductus
2714 1924 2817 1978 est

399 2016 467 2078 in
526 2015 807 2078 uinculis
860 2016 1139 2079 Romae.
1238 2014 1547 2078 inductus
1607 2034 1767 2077 uero
1825 2023 1985 2079 ante
2049 2016 2408 2092 Neronem,
2462 2025 2530 2081 et
2588 2016 2815 2081 defen-

399 2120 655 2183 sionem
700 2119 799 2194 sui
846 2118 1110 2195 facienS,
1157 2118 1425 2182 biennio
1475 2115 1590 2181 illo
1650 2119 2058 2196 demoratus,
2113 2118 2482 2201 plenariam
2530 2121 2814 2204 adeptus
2849 2144 2919 2213 15

401 2231 504 2287 est
550 2219 1035 2287 securitatem*
1129 2222 1281 2285 ideo
1334 2229 1402 2284 et
1448 2220 1516 2283 in
1561 2219 1857 2284 secunda
1900 2221 1987 2284 ad
2035 2221 2466 2286 Timotheum
2514 2224 2813 2306 epistola,

400 2344 601 2406 quam
649 2345 689 2387 a
739 2324 959 2387 Roma
1004 2323 1090 2387 ad
1133 2344 1287 2387 eum
1324 2322 1604 2405 scripsit,
1642 2342 1780 2385 non
1820 2331 1980 2386 tunc
2020 2324 2289 2405 quando
2329 2332 2397 2386 et
2437 2325 2522 2387 ad
2569 2324 2816 2408 Philip-

399 2446 641 2507 penses
684 2425 1352 2490 scribebat—etenim
1398 2433 1559 2489 tunc
1599 2444 1753 2487 cum
1815 2424 1962 2505 ipso
2009 2425 2094 2488 ad
2149 2424 2298 2488 illos
2349 2426 2815 2508 scripsit—sed

399 2532 691 2595 secunda
743 2531 905 2608 uice,
961 2530 1232 2612 quando
1292 2528 1426 2592 illic
1480 2528 1702 2611 capite
1755 2535 1858 2591 est
1917 2529 2212 2610 punitus,
2261 2528 2553 2593 scribens
2612 2530 2817 2593 dicit:

528 2751 562 2831 ὁ
604 2751 918 2837 μακάριος
967 2751 1238 2822 Παῦλος
1272 2750 1491 2835 ἐφέσει
1532 2750 1704 2816 κατὰ
1742 2753 1858 2816 τοῦ
1897 2749 2169 2830 Φήστου
2210 2753 2617 2837 χρησάμενος
2660 2752 2815 2829 βου·
2843 2777 2929 2824 20

395 2855 708 2935 ληθέντος
737 2852 928 2918 αὐτὸν
956 2851 1289 2923 Ἰουδαίοις
1318 2853 1627 2931 ἐκδοῦναι,
1660 2853 1772 2919 καὶ
1803 2851 1911 2918 διὰ
1939 2858 2129 2920 τοῦτο
2160 2854 2468 2940 Καίσαρα
2514 2855 2816 2921 ἐπικαλε-

400 2958 696 3040 σάμενος,
742 2952 995 3043 ἀνήχθη
1036 2952 1296 3035 δέσμιος
1331 2954 1421 3025 εἰς
1463 2954 1582 3035 τὴν
1608 2954 1883 3037 Ῥώμην·
1933 2954 2270 3044 εἰσαχθεὶς
2301 2954 2370 3020 δὲ
2423 2959 2515 3042 τῷ
2562 2955 2818 3040 Νέρωνι

399 3057 509 3123 καὶ
559 3055 722 3140 ὑπὲρ
781 3058 912 3121 τῶν
969 3056 1117 3122 καθ’
1167 3055 1393 3122 ἑαυτὸν
1437 3053 2028 3140 ἀπολογησάμενος
2077 3055 2249 3138 διετῆ
2295 3056 2534 3145 χρόνον
2586 3056 2819 3124 αὐτόθι

400 3158 748 3247 διέτριψεν,
778 3165 1138 3231 παντελοῦς
1160 3152 1526 3249 τετυχηκὼς
1555 3164 1670 3242 τῆς
1701 3160 2014 3247 ἀφέσεως.

496 3367 525 3416 3
559 3358 701 3401 erant
729 3351 799 3401 C*
826 3369 859 3401 r
1019 3370 1051 3413 4
1085 3352 1559 3418 contemplationem
1589 3355 1632 3403 C
1652 3356 1720 3404 H
1733 3373 1765 3404 r
1926 3369 1953 3419 5
1989 3356 2320 3406 imitationem
2350 3358 2394 3407 C
2412 3373 2445 3405 r
2623 3373 2680 3419 14
2716 3358 2817 3405 Ro-

400 3451 533 3484 mam
557 3452 589 3483 r
723 3446 779 3496 17
813 3435 879 3485 ad
904 3434 1009 3497 (bes
1022 3435 1265 3499 Philipp.)
1288 3452 1367 3485 om
1388 3437 1457 3485 H
1513 3436 1917 3502 Philippensibus
1940 3456 1972 3487 r
2101 3454 2166 3489 20
2197 3455 2270 3504 sq.
2296 3439 2451 3489 Coisl.
2475 3455 2586 3501 204,
2611 3438 2645 3487 f.
2676 3454 2764 3502 113
2788 3455 2820 3486 a

401 3516 513 3576 [Cr.
534 3515 600 3565 vi.
626 3516 749 3596 238,
764 3517 848 3565 Fr.
879 3516 991 3578 138]
1059 3517 1308 3579 θεοδώρου.
1379 3518 1525 3567 ἄλλος
1547 3520 1712 3579 φησίν·
1748 3519 1775 3568 ὁ
1794 3537 1907 3578 μακ.
1937 3522 2023 3580 Π.,
2052 3525 2194 3571 aes-R.
2512 3538 2575 3584 24
2609 3522 2821 3583 ἐφέσεως

401 3598 537 3647 edd.:
573 3605 649 3646 txt
672 3598 784 3646 cod.

399 3771 581 3821 tuos-us,
610 3760 852 3825 although
874 3763 938 3812 he
963 3763 1112 3812 refers
1134 3769 1187 3812 to
1220 3763 1358 3814 Tert.
1395 3766 1553 3813 anim.
1664 3774 1862 3832 present
1884 3768 1969 3817 the
1991 3783 2127 3817 same
2150 3767 2370 3831 reading.

401 3845 432 3894 1.
463 3860 506 3894 c.
1737 3865 1811 3899 12.
1868 3850 2122 3913 adpellans
2154 3848 2373 3908 Festum]
2438 3846 2535 3896 See
2557 3865 2605 3912 p.
2643 3847 2750 3907 116,
2778 3848 2813 3897 l.

465 3946 513 3988 4.
584 3924 783 3988 pietatis
823 3924 1239 3988 contemplatione]
1305 3921 1392 3984 τῆς
1430 3924 1562 3972 εὐσε-
1671 3926 1746 3985 16,
1770 3935 1907 3976 note.

399 4008 532 4068 βείας
555 4007 729 4055 ἕνεκεν.
778 4005 859 4055 Cf.
884 4005 1041 4069 infra,
1066 4022 1132 4055 on
1164 4022 1183 4055 1
1212 4006 1343 4056 Tim.
1374 4006 1441 4055 vi.
1475 4019 1561 4061 123
1737 4023 1811 4074 19.
1876 4010 2088 4059 secunda
2131 4007 2260 4072 uice]
2338 4009 2547 4073 Jacobi:
2607 4009 2811 4069 “uides‚

403 4108 430 4141 α
457 4092 612 4152 Tim„
641 4108 748 4156 arg.
1666 4090 1986 4140 Theodorum
2029 4091 2159 4140 inter
2197 4107 2282 4139 eos
2321 4106 2443 4151 esse,
2487 4090 2572 4155 qui
2609 4091 2819 4141 Paulum

469 4187 512 4236 7.
596 4190 649 4222 ea
671 4190 795 4237 quae
814 4190 927 4237 erga
951 4190 1026 4223 me
1044 4174 1183 4235 sunt]
1246 4176 1312 4223 τὰ
1335 4169 1436 4222 κατ’
1463 4173 1564 4231 ἐμέ.
1668 4169 1877 4219 uinculis
1899 4170 2130 4230 solutum,
2154 4179 2327 4235 postea
2343 4187 2463 4221 uero
2486 4172 2663 4222 iterum
2686 4174 2738 4222 in
2761 4188 2822 4222 ea

403 4255 575 4318 Vulg„
619 4255 799 4317 “quae
836 4254 966 4302 cirea
1006 4270 1088 4303 me
1122 4253 1291 4303 sunt.”
1359 4254 1444 4304 On
1476 4269 1568 4301 our
1671 4251 1948 4301 coniectum
1992 4260 2042 4302 et
2086 4254 2385 4303 trucidatum
2424 4252 2572 4303 fuisse
2615 4255 2821 4318 opinen-

404 4336 711 4388 translator's
728 4353 816 4386 use
833 4337 891 4386 of
906 4353 1018 4401 erga
1038 4354 1120 4387 see
1137 4355 1187 4402 p.
1208 4339 1308 4399 2,1.
1331 4355 1356 4388 2
1364 4355 1409 4403 3,
1432 4348 1566 4389 note·
1672 4333 1801 4383 tur·’'
1867 4335 1964 4384 Th.
1989 4351 2242 4399 expresses
2264 4337 2350 4385 the
2371 4353 2507 4386 same
2533 4336 2738 4401 opinion
2771 4337 2823 4387 in

476 4437 549 4472 11.
602 4421 805 4470 uerbum
835 4421 996 4485 loqui]
1064 4421 1135 4471 So
1170 4420 1405 4486 Ziegler's
1442 4421 1569 4485 frag·
1673 4416 1759 4465 the
1791 4432 1893 4480 arg.
1931 4424 1986 4466 to
2018 4417 2298 4481 Ephesians
2332 4419 2520 4482 (supra,
2559 4434 2610 4482 p.
2655 4418 2759 4477 116,
2787 4421 2823 4468 1.

406 4516 583 4555 ments.
670 4506 851 4568 Chrys.
891 4507 962 4555 ad
992 4506 1041 4554 h.
1086 4508 1141 4564 1.,
1181 4507 1353 4563 Thdt.‚
1400 4507 1571 4560 nam..
1681 4512 1752 4560 τε,
1781 4515 1879 4562 ‹sq-³
1913 4516 1995 4547 see
2019 4508 2160 4547 notes
2186 4499 2361 4560 there)-
