3293 5233
274 418 366 483 11.
414 417 713 503 19—21.]
977 431 1061 482 IN
1111 432 1214 482 ΕΡ.
1261 430 1364 481 AD
1412 430 1956 481 PHILIPPENSES.
2559 432 2684 497 227

399 606 688 691 †‘uobis
719 606 1019 672 sollicitis
1051 607 1135 671 de
1167 608 1410 670 uirtute
1453 605 1899 670 existentibus
1939 604 2236 689 gratulor
2274 616 2341 671 et
2383 607 2524 690 ipse
2566 628 2684 689 spe

271 707 400 785 illa,
449 731 582 792 qua
636 719 704 773 et
740 711 807 772 in
844 710 1068 773 futuro
1104 707 1373 772 saeculo
1413 728 1563 771 sum
1606 709 1692 772 de
1735 709 1924 773 uobis
1966 710 2385 773 exultaturus
2409 730 2424 786 ;
2470 708 2684 773 sciens

271 809 431 892 quia
479 831 610 874 non
663 832 835 874 uane
883 832 1004 894 pro
1056 811 1190 874 fide
1236 809 1552 887 laboraui,
1595 810 1714 874 sed
1760 811 1932 874 iusta
1976 813 2233 875 ratione
2272 814 2498 875 omnia
2543 833 2687 875 sus-

271 911 471 986 tine0,
520 910 674 976 licet
722 934 843 995 pro
897 913 1088 976 uobis
1142 913 1345 977 etiam
1392 923 1675 976 mortem
1722 913 1943 977 subire
1988 914 2112 976 sim
2164 924 2452 996 paratuS,
2495 915 2686 978 uobis

272 1013 461 1094 quasi
515 1013 785 1096 aliquod
837 1014 1228 1077 sacrificium
1279 1014 1477 1078 fidem
1542 1026 1829 1079 uestram
1886 1016 2037 1080 Deo
2085 1016 2530 1091 offerentibuS,
2581 1033 2750 1100 meg

274 1124 499 1177 autem
527 1116 611 1179 ad
645 1118 854 1180 instar
882 1116 1215 1180 libationis
1248 1119 1585 1199 proprium
1618 1119 2013 1200 sanguinem
2044 1118 2235 1182 uobis
2266 1117 2692 1182 infundente?

272 1219 444 1283 bene
475 1231 699 1285 autem
734 1222 948 1286 dixit:
991 1222 1103 1285 hoc
1131 1221 1339 1304 ipsum
1369 1231 1432 1285 et
1459 1243 1573 1284 uos
1597 1222 1858 1303 facite‚·
1905 1221 2065 1285 ‘hoc
2095 1233 2164 1286 et
2194 1221 2438 1284 iustum
2472 1230 2590 1297 est,
2622 1233 2691 1285 et

273 1341 409 1398 u03‚
458 1343 546 1385 ex
594 1324 833 1405 quibus
878 1323 1091 1405 agitiS,
1131 1333 1204 1386 ut
1248 1324 1407 1386 socii
1454 1324 1832 1406 adpareatis
1873 1324 2098 1405 gaudii
2146 1321 2361 1386 mei.’*
2449 1323 2692 1386 deinde

271 1425 558 1491 adiecit:

401 1591 577 1661 spero
627 1590 843 1643 autem
898 1579 967 1641 in
1020 1578 1280 1641 domino
1343 1579 1491 1642 Iesu
1563 1578 1965 1641 Timotheum
2025 1579 2146 1642 cito
2198 1579 2452 1642 mittere
2495 1580 2687 1654 uobis,
2725 1603 2803 1648 10

273 1690 351 1742 ut
383 1702 494 1764 ego
532 1683 686 1745 bono
724 1681 944 1744 animo
975 1682 1119 1755 sim,
1152 1702 1516 1762 cognoscens
1554 1701 1718 1761 quae
1758 1681 1927 1742 circa
1967 1702 2081 1743 uos
2115 1690 2284 1744 sunt.
2375 1682 2689 1745 neminem

272 1785 445 1847 enim
489 1785 680 1848 habeo
722 1785 1181 1866 aeqzmninwm,
1222 1784 1339 1865 qui
1381 1785 1629 1847 sincera
1672 1785 1998 1866 affictione
2045 1786 2124 1849 de
2167 1786 2345 1849 uobis
2384 1787 2694 1851 sollicitus

271 1887 377 1952 sit.
466 1909 681 1951 omnes
709 1888 878 1950 enim
910 1908 1071 1968 qnae
1096 1908 1219 1949 sua
1248 1897 1403 1950 sunt
1430 1898 1764 1968 quaerunt,
1799 1909 1922 1950 non
1952 1910 2114 1969 quae
2140 1890 2287 1952 Iesu
2324 1886 2586 1953 Christi.

408 2029 757 2112 ‘quoniam
806 2050 1000 2111 spero
1062 2028 1328 2114 (inquit)
1377 2031 1509 2093 cito
1556 2031 1819 2094 mittere
1866 2032 2056 2094 uobis
2102 2030 2551 2106 Timotheum,
2599 2031 2694 2094 ita

276 2137 352 2193 ut
384 2133 598 2214 magis
630 2131 807 2194 bono
845 2132 1070 2194 animo
1113 2134 1256 2208 slm,
1289 2153 1408 2215 per
1439 2132 1626 2195 illum
1659 2134 2038 2197 cautissime
2080 2134 2268 2198 uobis
2316 2134 2651 2197 instructis
2679 2153 2693 2210 ;
2729 2157 2797 2223 15

276 2252 356 2294 eo
387 2233 567 2315 quod
607 2254 823 2316 neque
853 2233 1070 2296 habeo
1102 2235 1307 2297 alium
1350 2236 1443 2299 sic
1478 2236 1863 2299 unanimem
1897 2245 1964 2299 et
1999 2235 2339 2300 affectiose
2379 2237 2464 2299 de
2503 2235 2694 2298 uobis

275 2334 650 2411 sollicitum,
683 2337 991 2398 omnibus
1025 2335 1136 2399 illa
1168 2337 1743 2401 considerantibus
1784 2360 1956 2421 quae
2000 2359 2119 2403 sua
2162 2338 2351 2404 sunt.'
2444 2342 2693 2405 indicat

402 2581 606 2666 ’ὑμῶν
636 2583 1114 2667 ἐπιμελομένων
1144 2583 1382 2671 α’ρετῆς
1405 2585 1514 2651 καὶ
1536 2584 1732 2657 αὐτὸς
1760 2583 1979 2651 ἐλπίδι
2006 2585 2274 2674 [χαίρω]
2309 2588 2425 2651 τοῦ
2448 2583 2557 2651 καὶ
2583 2584 2691 2651 ἐπὶ

277 2691 393 2751 τοῦ
421 2686 785 2770 μέλλοντος
820 2687 1054 2758 αἰῶνος
1096 2687 1196 2774 ἐφ’
1231 2687 1382 2769 ὑμῖν
1413 2688 2005 2776 εὐφρανθήσεσθαι,
2037 2688 2214 2759 εἰδὼς
2244 2687 2346 2754 ὅτι
2375 2687 2448 2753 οὐ
2479 2687 2693 2770 μάτην

273 2787 440 2874 ὑπὲρ
472 2788 652 2870 ὑμῶν
692 2788 1030 2865 ἐκοπίασα,
1061 2788 1245 2854 ἀλλὰ
1275 2790 1386 2856 καὶ
1416 2790 1674 2861 εἰκότως
1705 2789 1967 2856 ἅπαντα
1998 2789 2296 2873 ὑπομένω
2344 2788 2466 2856 κᾶν
2496 2790 2554 2855 εἰ
2581 2790 2695 2855 τὸν
2723 2817 2806 2864 20

275 2893 438 2978 ὑπὲρ
499 2894 677 2975 ὑμῶν
736 2893 1000 2976 ἑλοίμην
1063 2894 1356 2959 θάνατον·
1417 2893 1592 2976 ὑμῶν
1636 2894 1757 2978 μὲν
1811 2894 2038 2976 ὥσπερ
2086 2894 2235 2959 τινὰ
2280 2895 2517 2960 θυσίαν
2575 2892 2695 2972 τὴν

275 2996 504 3062 πίστιν
534 3000 624 3082 τῷ
665 2996 788 3081 θεῷ
829 2996 1410 3084 προσκομιζὸντων,
1443 2998 1602 3077 ἐμοῦ
1648 2997 1718 3061 δὲ
1764 2997 1948 3076 δίκην
1989 2996 2281 3077 σπονδῆς
2320 2994 2694 3083 ἐπιχέοντος

274 3098 424 3180 ὑμῖν
467 3098 544 3165 τὸ
586 3099 818 3165 οἰκεῖον
871 3099 1071 3180 alpha)
1162 3103 1378 3171 καλῶς
1423 3099 1492 3165 δὲ
1550 3104 1624 3166 τό
1683 3101 1730 3164 Δ’
1793 3100 1941 3174 ᾼῨτό
2007 3098 2094 3163 καὶ
2149 3098 2322 3174 nbat-:ic
2370 3096 2516 3163 ἀντὶ
2559 3102 2694 3163 τοῦ·

274 3209 289 3234 ‘
313 3200 561 3267 δίκαιον
600 3202 710 3267 καὶ
750 3202 915 3282 ὑμᾶς
953 3201 1033 3267 δι’
1083 3200 1169 3267 ὧν
1208 3202 1530 3287 πράττετε
1560 3200 2016 3270 κοινωνοῦντας
2044 3227 2156 3281 μοι
2185 3199 2536 3287 φαίνεσθαι
2581 3204 2695 3281 τῆς

277 3307 523 3390 χαρᾶς]
2723 3330 2799 3395 23

375 3479 403 3513 2
438 3464 715 3513 seculorum
746 3464 862 3528 (fitr
881 3481 1010 3514 saec.
1038 3466 1168 3524 sum)
1200 3465 1270 3514 C*
1476 3481 1526 3515 11
1572 3481 1702 3530 quae
1742 3465 1873 3515 circa
1901 3481 1992 3514 uos
2027 3474 2140 3515 sunt
2173 3464 2423 3515 neminem
2459 3465 2592 3514 enim
2617 3483 2693 3514 om

280 3547 351 3597 C*
378 3549 444 3597 ll
636 3564 689 3596 12
728 3558 829 3597 tam
859 3548 963 3611 (lu-*f
980 3546 1113 3611 aeq.)
1138 3549 1242 3596 add
1264 3549 1307 3596 C
1327 3549 1473 3607 (corr)
1663 3564 1717 3610 15
1754 3548 2018 3596 instructus
2041 3549 2110 3596 H
2300 3547 2356 3597 16
2390 3548 2694 3596 unianimem

277 3632 344 3680 H
535 3633 591 3679 18
626 3631 701 3679 ὅτι
734 3633 819 3680 οὐκ
852 3632 917 3680 εἰς
950 3632 1083 3678 κενόν
1118 3636 1268 3690 φησιν
1290 3632 1507 3691 ἔδραμον·
1545 3630 1653 3678 οὐδὲ
1688 3631 1753 3678 εἰς
1784 3630 1916 3678 κενὸν
1946 3631 2201 3678 ἐκοπίασα·
2236 3627 2365 3687 ὑμῶν
2395 3630 2493 3691 γάρ
2528 3635 2691 3689 φησιν,

275 3716 426 3764 κ.τ.λ.
452 3714 565 3762 cod.

275 3868 518 3931 although
560 3869 597 3916 it
638 3867 777 3931 gives
815 3867 1115 3929 congaudere
1157 3866 1208 3915 in
1252 3883 1271 3915 1
1314 3867 1431 3914 Cor.
1535 3867 1769 3925 προσήκει
1814 3866 1866 3914 δὲ
1911 3866 1990 3913 καὶ
2038 3865 2155 3923 ὑμᾶς
2199 3868 2430 3915 κοινωνεῖν
2477 3883 2556 3924 μοι
2612 3866 2700 3924 τῆς

274 3948 378 4003 xii„
405 3949 506 3997 xiii.
577 3950 659 3997 On
689 3949 828 3996 these
863 3955 963 3996 two
999 3963 1163 3996 senscs
1196 3947 1255 3995 os
1283 3964 1429 4007 συγχ.
1538 3951 1847 4009 εὐφροσύνης.
1918 3949 2099 4012 Comp.
2129 3965 2169 3996 c.
2198 3947 2229 3996 i.
2264 3961 2287 4009 7
2316 3948 2527 4011 (Vulg.).

274 4048 356 4081 see
392 4032 467 4080 Dr
503 4032 759 4094 Lightfoot
794 4031 866 4079 ad
889 4032 938 4078 Ιι.
976 4032 1049 4087 l.,·
1082 4032 1181 4079 and
1217 4031 1292 4079 sor
1323 4047 1431 4078 con·
1610 4047 1681 4079 Π.
1733 4031 2030 4093 cognoscens]
2074 4035 2245 4092 γνοὺςι
2282 4030 2453 4093 Vulg„
2481 4032 2695 4091 cog-nilis.

266 4116 482 4179 gaudere
504 4115 563 4164 cs.
599 4116 815 4175 R'onsch,
846 4116 997 4171 Itala,
1021 4131 1071 4179 p.
1106 4114 1210 4163 186.
1537 4114 1896 4176 Acqnaxu'mem
1922 4112 2003 4178 (cs.
2026 4115 2105 4163 De
2125 4115 2228 4169 Vit,
2246 4130 2284 4162 s„
2300 4113 2368 4174 v.)
2386 4115 2697 4175 εἰσόψυχον.

348 4213 389 4245 1.
446 4197 701 4260 gratulor]
742 4199 1126 4261 “congratulate
1149 4195 1425 4260 myself'’=
1539 4194 1712 4258 Vulg.,
1741 4197 2028 4244 unanimem
2063 4194 2281 4257 (uniam,
2307 4195 2438 4242 Cod.
2465 4194 2692 4255 Amiat.).

275 4279 431 4340 χαίρω
479 4278 580 4341 (see
624 4279 719 4326 last
765 4282 919 4339 note).
1015 4279 1125 4327 The
1180 4279 1299 4327 verb
1344 4278 1434 4326 has
1542 4279 1671 4325 Tam
1709 4280 1809 4337 (see
1844 4294 1924 4325 vv.
1953 4279 2029 4337 ll.)
2067 4278 2106 4326 is
2144 4277 2268 4325 from
2294 4278 2377 4325 the
2403 4278 2560 4340 Vulgi
2623 4279 2702 4326 Dc

274 4364 422 4427 dropt
448 4369 533 4411 out
558 4362 614 4410 os
643 4362 727 4412 the
750 4370 940 4410 catena.
1010 4362 1114 4410 For
1140 4363 1425 4425 gratulor:
1538 4361 1849 4420 uobis=⁷repl
1874 4360 2000 4415 ὑμῶν
2021 4378 2033 4408 :
2067 4377 2123 4408 so
2149 4361 2280 4423 Aug.

278 4448 450 4506 “gt-at.
483 4442 611 4492 me”
634 4460 717 4493 see
742 4445 870 4492 lexx.
1610 4440 1681 4490 16.
1733 4441 1979 4504 affictiose]
2049 4441 2124 4489 Cf.
2151 4457 2201 4505 p.
2235 4458 2344 4502 204,
2369 4440 2403 4488 l.
2438 4456 2509 4502 17,
2541 4451 2670 4491 note.

343 4527 388 4573 8.
473 4532 532 4573 ut
574 4525 690 4572 socii
729 4524 1024 4587 adparentis,
1066 4523 1182 4584 κὶα]
1256 4523 1432 4572 Thdt.:

2326 4638 2524 4699 15—2
