3293 5233
526 421 648 496 174
1184 416 1640 481 THEODORUS
1689 429 2273 482 MOPSUESTENUS
2517 418 2661 503 [IV.
2694 432 2795 501 25,
2829 418 2930 483 26.

515 596 802 679 cepistiS,
826 598 1024 662 simul
1066 595 1505 681 etprimitias
1552 599 1842 682 Spiritus
1893 602 2311 684 accipientes,
2402 603 2630 686 itaque
2681 607 2928 669 iustum

516 709 618 761 est
662 720 781 762 uos
830 709 1275 764 consentanee
1316 700 1447 764 illis
1488 712 1555 765 et
1601 722 1833 783 sapere
1879 713 1946 766 et
1999 702 2435 780 conuersari*
2466 705 2580 787 qui
2633 707 2932 769 maxime

515 825 668 868 cum
721 805 1008 887 Spiritus
1050 805 1549 887 regeneratione
1579 807 1783 868 etiam
1819 827 2052 869 sensus
2085 809 2588 872 renouationem
2622 809 2780 872 estis
2811 809 2930 871 ad-

517 907 743 983 secuti,
786 915 853 969 et
899 917 1192 969 ueterem
1225 908 1800 970 conuersationem
1844 908 2259 990 deponentes
2301 930 2452 972 cum
2496 909 2677 972 omni
2722 908 2928 971 ueteri

452 1030 483 1096 5
517 1017 668 1072 actu
695 1010 1058 1073 secundum
1084 1029 1352 1072 omnem
1385 1011 1708 1073 iustitiam
1733 1011 2254 1077 conuersamini.'
2304 1012 2469 1077 haec
2500 1016 2677 1078 enim
2702 1015 2930 1079 omnia

517 1117 882 1180 secundum
925 1115 1448 1179 interiectionem
1483 1115 1698 1197 magis
1729 1115 1817 1178 ab
1850 1115 1962 1178 illo
2004 1125 2160 1180 sunt
2201 1116 2399 1180 dicta.
2473 1119 2560 1182 de
2601 1139 2928 1182 consensu

516 1218 693 1280 enim
740 1218 1087 1300 disputans
1138 1216 1265 1279 illis
1308 1216 1652 1289 interiecit,
1709 1217 1775 1280 id
1824 1228 1942 1292 est,
1984 1217 2095 1281 illa
2141 1238 2314 1299 quae
2367 1216 2500 1302 [de]
2550 1219 2929 1283 differentia

516 1330 704 1383 erant
725 1320 1105 1401 gratiarum.
1168 1319 1405 1382 iterum
1438 1339 1771 1400 regressus
1803 1328 1904 1382 est
1934 1319 2019 1381 ad
2053 1318 2471 1402 propositum
2503 1338 2698 1382 suum
2731 1328 2804 1381 ut
2841 1318 2929 1381 de

517 1421 794 1484 caritate
838 1419 1227 1502 disputaret.
1314 1420 1492 1483 unde
1524 1428 1590 1483 et
1621 1419 1866 1483 adicit:

412 1599 490 1649 10
628 1578 895 1650 propter
919 1568 1095 1652 quod
1115 1568 1480 1651 deponentes
1514 1568 1937 1646 mendacium,
1968 1569 2314 1653 loquimini
2350 1569 2688 1635 ueritatem
2732 1592 2931 1635 unus·

514 1671 781 1754 quisque
804 1692 946 1734 cum
964 1672 1266 1754 proximo
1293 1692 1427 1736 suo,

644 1799 1046 1863 mendacium
1091 1808 1158 1862 et
1193 1799 1529 1862 ueritatem
1561 1797 1689 1862 hoc
1731 1799 1797 1862 in
1835 1798 1983 1862 loco
2015 1818 2147 1861 non
2180 1799 2530 1862 uerborum
2564 1797 2765 1877 dicit;
2809 1798 2927 1861 sed

515 1907 590 1962 ut
647 1901 844 1977 dicat,
896 1908 1199 1965 ‘omnem
1260 1901 1753 1964 simulationem
1808 1911 1874 1964 et
1925 1900 2306 1983 hypocrisin
2360 1901 2715 1983 deponite3
2782 1920 2928 1982 per-

514 2004 688 2067 fecta
746 2016 971 2068 mente
1031 2006 1220 2069 uobis
1281 2006 1348 2069 in
1415 2005 1700 2069 inuicem
1776 2005 2071 2071 narrate.'
2160 2016 2229 2069 et
2294 2005 2509 2087 magis
2583 2006 2931 2088 magisque

348 2161 355 2164 .
411 2116 482 2183 15
515 2108 801 2169 suadens
833 2109 943 2183 eiS,
975 2109 1217 2171 adiecit
1244 2132 1257 2171 :

642 2259 947 2341 quoniam
975 2280 1202 2323 sumus
1229 2260 1620 2322 alterutrum
1653 2259 1956 2334 membra,

644 2388 1002 2469 prudenter
1038 2386 1231 2449 simul
1283 2406 1551 2450 omnem
1601 2385 2193 2449 contradictionem
2233 2384 2535 2459 exclusit,
2567 2393 2635 2448 et
2665 2405 2754 2448 ex
2786 2384 2931 2467 ipsa

514 2488 885 2551 differentia
926 2489 1253 2550 dictorum
1302 2508 1569 2550 suorum
1620 2488 2082 2569 probationem
2130 2486 2362 2549 fecisse
2409 2487 2688 2549 uidetur.
2779 2487 2931 2551 ideo

516 2611 649 2654 non
681 2591 857 2654 dixit
885 2614 898 2654 :
943 2595 1213 2673 ‘corpus
1245 2590 1505 2665 sumuS,'
1532 2592 1646 2653 sed
1681 2590 1966 2653 membra
1983 2613 2013 2663 ‚·
2060 2609 2140 2652 eo
2171 2590 2348 2670 quod
2384 2597 2449 2651 et
2482 2587 2929 2650 membrorum

405 2711 491 2758 20
517 2695 775 2758 illorum
817 2716 987 2777 quae
1028 2697 1113 2758 ad
1164 2716 1284 2757 nos
1334 2696 1662 2776 pertinere
1712 2696 2025 2757 uidentur
2078 2694 2358 2756 multam
2411 2693 2929 2757 sollicitudinem

512 2794 851 2869 habemu5‚
905 2806 1125 2877 partes
1185 2817 1570 2859 communes
1630 2797 1922 2878 corporis
1983 2796 2284 2858 similiter
2342 2795 2567 2857 omnia
2621 2795 2734 2858 illa
2786 2817 2931 2859 esse

517 2896 1000 2959 existimantes,
2733 2902 2740 2907 ’

645 3001 887 3063 deinde
934 3002 1471 3064 condescendens
1517 3002 1714 3064 docet
1760 3022 1873 3064 eos
1917 3001 2259 3078 modeste;
2306 3021 2385 3063 eo
2431 3000 2608 3080 quod
2661 3001 2934 3064 uidebat

517 3102 720 3166 etiam
753 3105 1052 3166 tristitias
1085 3104 1254 3167 inter
1286 3125 1398 3167 eos
1430 3104 1850 3178 commoveri,
1881 3112 2114 3184 utpote
2145 3103 2315 3165 inter
2343 3101 2648 3164 homines
2676 3125 2690 3164 :

407 3266 443 3311 2
455 3262 484 3328 5
648 3253 1015 3317 irascimini
1048 3254 1309 3338 (inquit)
1345 3266 1405 3318 et
1434 3255 1625 3318 nolite
1639 3266 1907 3336 peccare.

518 3449 831 3538 ἀπαρχὴν
874 3448 1311 3533 κομισάμενοι.
1402 3449 1574 3516 ὥστε
1621 3450 1870 3515 δίκαιον
1917 3447 2081 3530 ὑμᾶς
2134 3446 2471 3512 ἀκόλουθα
2525 3444 2776 3516 τούτοις·
2824 3445 2935 3510 καὶ

520 3557 779 3641 φρονεῖν
808 3557 920 3618 καὶ
947 3553 1447 3619 πολιτεύεσθαι.’

616 3740 643 3773 ‘2
681 3738 973 3772 conuersare
1002 3723 1043 3771 C
1196 3736 1222 3785 7
1258 3723 1323 3771 de
1355 3740 1431 3771 om
1462 3723 1586 3771 CH
1731 3736 1761 3785 9
1795 3721 2014 3785 disputet
2039 3721 2106 3768 H
2249 3733 2306 3780 15
2342 3717 2494 3768 adicit
2534 3719 2578 3766 C
2734 3731 2791 3782 19
2825 3733 2936 3767 sum

525 3803 602 3854 C*
802 3820 827 3853 2
838 3819 865 3866 3
899 3803 1131 3851 ueniebat
1162 3804 1206 3851 C
1214 3802 1240 3827 ⁴*
1267 3804 1529 3851 eueniebat
1560 3802 1603 3851 C
1624 3802 1773 3861 (corr)

586 3970 633 4001 2.
701 3950 1025 4010 consentanee]
1095 3951 1190 3999 See
1225 3951 1309 3999 the
1344 3966 1454 3998 exx.
1491 3949 1548 3997 of
1574 3948 1673 3997 this
1847 3962 1922 3995 12.
1990 3960 2091 3993 non
2126 3943 2386 3992 uerborum
2413 3942 2552 4003 decit]
2620 3942 2699 4019 Cis.
2736 3958 2787 4006 p.
2822 3941 2932 4007 169,

520 4052 626 4084 rare
649 4034 836 4083 adverb
859 4035 1003 4096 given
1029 4034 1093 4096 by
1118 4033 1201 4080 the
1224 4031 1351 4081 lexx.
1415 4031 1461 4079 It
1487 4030 1528 4079 is
1551 4030 1673 4079 used
1774 4030 1809 4078 1.
1835 4046 1907 4093 19,
1938 4037 2074 4078 note.

518 4119 587 4181 by
614 4117 899 4166 Lactantius
922 4117 1020 4164 and
1042 4117 1258 4179 Jerome.
1847 4110 1921 4160 16.
1989 4108 2308 4169 alferulrum]
2330 4130 2374 4149 =
2397 4109 2766 4158 alterutrorum.
2866 4109 2937 4159 So

590 4215 630 4262 3.
732 4215 899 4247 sensus
953 4195 1334 4256 renoualicmem]
1432 4192 1521 4253 τὴν
1587 4196 1676 4243 τοῦ
1776 4194 1911 4242 Tert.
1958 4208 2048 4240 res.
2091 4207 2251 4250 carn„
2292 4204 2392 4252 45;
2449 4190 2659 4238 Hieron.
2700 4190 2773 4237 ad
2801 4190 2853 4237 Ιι.
2895 4190 2930 4239 Ι.

520 4277 623 4329 νοὸς
659 4277 943 4328 ἀνανέωσιν.
1013 4278 1094 4326 Cf.
1120 4293 1166 4325 v.
1198 4289 1270 4337 17,
1300 4276 1470 4338 Vulg.‚
1500 4275 1556 4323 in
1591 4291 1677 4323 va·
1782 4274 1865 4321 On
1901 4274 1999 4321 this
2032 4288 2118 4321 use
2153 4271 2211 4320 of
2237 4271 2484 4325 alteruter,
2514 4270 2577 4319 cs.
2602 4286 2654 4334 p.
2679 4284 2758 4335 99,
2786 4269 2820 4319 1.
2855 4284 2932 4328 12,

520 4364 675 4411 nitate
695 4378 859 4409 smsus
884 4358 1021 4423 (νοὸς)
1046 4360 1142 4408 sui.
1779 4364 1927 4415 note;
1961 4355 2061 4403 and
2085 4371 2166 4403 see
2193 4354 2413 4411 Ronsch‚
2430 4353 2499 4402 N.
2526 4353 2587 4401 T.
2617 4352 2935 4412 Tertullians,

586 4452 632 4504 5.
701 4442 815 4488 lun-c
845 4442 980 4488 enim
1018 4456 1060 4489 ο.
1102 4455 1187 4487 sec.
1226 4439 1486 4500 instricta]
1548 4439 1589 4487 1.
1608 4455 1672 4501 e.,
1779 4455 1864 4503 pp.
1898 4436 2107 4500 705—6.

519 4537 683 4569 verses
712 4536 869 4582 7—-24
898 4520 954 4579 (Ρ)
1847 4535 1925 4581 23.
1994 4515 2869 4577 τοιιιίιισιίἠαίνπ]πσυγκαταβαὶνων.
