3293 5233
353 400 469 466 IV.
509 415 603 481 14,
645 400 765 485 15.]
1209 415 1295 467 m
1343 416 1449 468 ΕΡ.
1493 416 1597 467 AD
1642 416 2018 469 EPHESIOS.
2057 417 2072 470 τ
2641 408 2767 491 169

351 584 737 651 futurorum.
787 582 920 650 ‚Sic
973 597 1041 676 et
1095 588 1182 652 ad
1233 585 1509 652 Galatas
1561 589 1856 653 scribens
1917 588 2119 654 dicit:
2190 589 2450 673 quando
2504 611 2767 656 eramus

334 691 629 773 paruuli,
671 692 790 756 sub
834 692 1138 755 elementa
1182 691 1418 755 mundi
1456 713 1717 755 eramus
1756 692 2116 757 seruientes.
2197 691 2325 756 hoc
2377 714 2535 778 ergo
2585 696 2767 773 dicit,

351 779 667 878 quoniam
700 796 881 878 ‘ipsa
911 796 1271 878 gratiarum
1303 795 1678 859 differentia
1708 805 1979 878 propter
2007 796 2286 860 aliorum
2311 795 2388 861 fit
2411 800 2766 863 necessita-

350 905 508 972 tem,
538 897 632 984 ita
663 905 736 959 ut
767 895 1042 959 ecclesia
1073 907 1505 980 augmentum
1543 897 1962 979 adsequatur,
1993 899 2361 980 usquedum
2403 920 2522 982 per
2561 892 2762 963 fidem

352 1008 420 1062 et
450 1000 899 1081 cognitionem
944 998 1094 1062 Filii
1138 999 1266 1063 Dei
1309 1020 1787 1082 congregemur
1831 1002 1917 1064 ad
1965 1002 2124 1065 illud
2172 1004 2535 1086 perfectum
2583 1009 2763 1088 quod
2840 1017 2872 1086 5

351 1110 806 1182 expectamus
836 1101 1106 1182 quando
1137 1100 1317 1165 nulla
1363 1103 1430 1164 in
1476 1113 1666 1185 parte
1696 1103 1916 1182 minus
1946 1103 2192 1185 aliquid
2233 1106 2410 1187 apud
2456 1126 2577 1170 nos
2618 1127 2765 1171 esse

351 1203 748 1286 reperietur3
823 1224 1057 1267 omnes
1116 1225 1274 1268 uero
1333 1190 1572 1287 corpus
1648 1206 2068 1270 extiterimus
2143 1204 2408 1284 Christi,
2473 1209 2542 1272 in
2618 1209 2766 1292 ipso

352 1306 583 1390 repleti
616 1316 683 1370 et
714 1308 931 1390 ipsum
963 1307 1287 1371 habentes
1318 1308 1385 1371 in
1418 1308 1611 1371 nobis
1642 1309 2099 1390 perspicuum!

483 1431 633 1474 cum
667 1431 824 1492 ergo
855 1411 972 1474 tali
1004 1432 1091 1474 ex
1124 1431 1324 1474 causa
1359 1410 1735 1475 differentia
1775 1415 2141 1495 gratiarum
2187 1412 2321 1491 fiat,
2366 1416 2525 1498 quid
2572 1419 2767 1483 nobis

351 1510 729 1574 faciendum
762 1511 913 1575 est?
2802 1538 2881 1585 10

481 1647 558 1701 ut
584 1639 764 1701 ultra
794 1659 919 1702 non
946 1637 1155 1702 simus
1179 1638 1463 1721 ‘paruuli
1480 1638 1895 1721 fluctuantes,
1923 1651 1988 1706 et
2021 1642 2578 1726 circumferamur·
2589 1646 2771 1710 omni

351 1750 537 1803 uento
580 1739 906 1804 doctrinae
956 1740 1030 1804 in
1086 1741 1335 1805 astutia
1390 1740 1745 1817 hominum,
1792 1742 1866 1806 in
1922 1743 2230 1820 uersutia,
2275 1744 2373 1807 ad
2412 1746 2766 1810 remedium

346 1862 605 1905 erroris.

483 1954 748 2036 ‘itaque
779 1953 908 2017 illis
947 1974 1120 2038 quae
1164 1964 1601 2037 expectamus
1644 1963 1862 2037 aequa
1904 1957 2133 2038 utique
2178 1966 2245 2022 et
2291 1978 2523 2041 sapere
2565 1959 2766 2023 debe-

351 2076 521 2131 muS,
562 2057 657 2120 ita
700 2066 774 2121 ut
820 2057 992 2121 ultra
1036 2078 1171 2121 non
1218 2077 1401 2121 more
1441 2057 1865 2140 paruulorum
1907 2059 2370 2125 abstrahamur
2399 2084 2439 2134 a
2469 2066 2766 2146 qualibet
2802 2073 2874 2140 15

352 2171 634 2225 uentosa
673 2162 975 2225 doctrina
1012 2160 1291 2238 illorum,
1331 2162 1445 2243 qui
1489 2181 1610 2223 nos
1656 2159 1786 2224 huc
1830 2170 2031 2245 atque
2076 2163 2230 2227 illuc
2275 2165 2765 2234 circumducere

352 2260 587 2325 uolunt
631 2282 750 2344 per
787 2282 977 2325 suam
1016 2264 1349 2338 astutiam,
1395 2282 1596 2344 quam
1644 2272 1713 2326 et
1757 2273 2033 2328 utuntur
2076 2267 2274 2342 uarie,
2312 2266 2427 2331 illa
2463 2289 2636 2350 quae
2666 2291 2766 2333 er-

348 2362 514 2424 roris
545 2372 701 2426 sunt
731 2361 1184 2445 perficienteS.’

478 2488 819 2552 ueritatem
875 2498 1092 2553 autem
1131 2490 1453 2571 facientes
1510 2490 1583 2554 in
1638 2490 1927 2567 caritate,
1984 2512 2249 2556 crescere
2291 2494 2635 2576 faciamus
2691 2495 2765 2560 in

349 2585 558 2670 aprum
588 2590 807 2653 omnia
835 2590 952 2673 qui
976 2600 1072 2655 est
1096 2600 1297 2672 caput,
1332 2589 1651 2658 Christus.
2007 2648 2024 2673 ,
2792 2613 2879 2663 20

482 2717 499 2742 ‘
518 2731 742 2773 ueram
775 2720 998 2774 autem
1033 2731 1187 2792 erga
1220 2711 1557 2775 Christum
1591 2712 1935 2776 caritatem
1968 2716 2396 2781 ostendentes
2428 2720 2766 2783 continea-

351 2835 501 2878 mus
532 2836 655 2878 nos
686 2817 752 2878 in
785 2817 926 2879 eius
962 2815 1292 2891 affectum,
1324 2817 1494 2878 sicut
1533 2816 1847 2879 conuenit
1888 2818 2089 2898 capiti
2136 2838 2373 2900 corpus
2418 2842 2563 2884 esse
2608 2843 2765 2886 con-

352 2919 686 2984 iunctum.’
775 2928 842 2982 et
872 2919 1188 3000 quoniam
1221 2928 1422 3000 caput
1456 2917 1639 2980 illum
1673 2919 1957 2993 uocauit,
1989 2921 2282 2984 ostendit
2318 2924 2497 3003 quod
2541 2924 2765 2989 adsint

352 3028 411 3090 ei
445 3026 557 3089 illa
586 3044 756 3107 quae
789 3033 944 3086 sunt
974 3024 1251 3105 capitis;
1300 3024 1393 3085 ita
1423 3031 1497 3083 ut
1535 3021 1728 3083 rebus
1766 3021 1926 3102 ipsis
1968 3024 2280 3086 ostendat
2324 3028 2761 3091 necessariam

354 3128 547 3191 nobis
577 3147 721 3189 esse
750 3125 1129 3189 huiusmodi
1162 3124 1654 3207 copulationem
1687 3122 1772 3185 ad
1806 3141 1958 3184 eum
1989 3145 2002 3184 :
2792 3140 2829 3187 2
2839 3137 2871 3204 5

456 3276 474 3308 ι
515 3260 579 3309 ad
602 3276 679 3307 om
703 3259 771 3308 H
996 3272 1023 3306 a
1060 3256 1244 3306 Christi
1270 3255 1388 3320 (for
1407 3253 1602 3319 mundi)
1631 3253 1677 3303 C
1695 3254 1764 3303 H

353 3356 380 3405 5
418 3341 490 3391 fili
519 3339 595 3389 C*
754 3351 780 3401 7
816 3337 1058 3401 reperitur
1083 3338 1127 3386 C
1136 3336 1163 3362 ⁴⁶
1191 3337 1463 3401 reperiatur
1485 3335 1551 3384 H

353 3423 471 3487 (for
489 3422 661 3486 quam)
690 3421 735 3469 C
756 3420 908 3481 (corr)
937 3421 945 3482 Ι
976 3434 1141 3468 errore
1168 3416 1247 3467 C*

1996 3267 2024 3315 3
2058 3254 2261 3318 quando
2287 3255 2403 3319 (χόν
2422 3257 2684 3322 quoniam)
2708 3261 2777 3308 H

1696 3349 1754 3384 12
1789 3334 1841 3382 in
1864 3334 2082 3383 uersutia
2103 3349 2181 3382 om
2208 3336 2253 3384 C
2267 3336 2414 3396 (corr)
2574 3351 2631 3400 17
2665 3355 2766 3405 qua

350 3539 506 3589 MSS.
583 3537 800 3599 Perhaps
823 3535 907 3584 the
931 3535 1193 3583 translator
1219 3540 1374 3582 wrote
1391 3533 1505 3597 sac·

348 3625 457 3667 tum
492 3619 549 3667 in
576 3622 843 3681 praesente.
910 3617 978 3664 In
1016 3616 1201 3679 having
1233 3614 1384 3663 fallen
1418 3621 1505 3663 out

350 3698 698 3762 astersactum,
723 3698 808 3746 the
832 3697 1022 3760 change
1044 3697 1102 3745 os
1117 3703 1369 3760 praesente
1398 3696 1505 3744 into

339 3785 640 3841 praesetnem
663 3794 765 3827 was
785 3778 1070 3826 inevitable.

424 3877 466 3909 1.
531 3862 600 3908 sic
629 3866 675 3907 et
706 3860 777 3907 ad
809 3859 1034 3919 Galatas]
1092 3860 1151 3908 C.
1188 3860 1252 3909 iv.
1292 3875 1336 3923 3.
1408 3859 1504 3909 See

351 3942 491 3991 Th.’s
514 3958 692 3992 comm.
722 3943 877 4000 there,
902 3959 951 4007 p.
981 3942 1061 4003 60,
1089 3943 1124 3992 1.
1152 3958 1228 4007 27,
1257 3960 1334 4008 sq.

417 4039 464 4072 α.
535 4025 742 4085 mundi]
800 4026 895 4074 See
916 4041 997 4073 vv.
1023 4026 1077 4075 ll.

423 4121 498 4154 η.
533 4105 588 4153 in
602 4106 781 4152 astutia
800 4106 929 4153 hom.
951 4105 1008 4153 in
1031 4106 1183 4167 uera]
1216 4105 1329 4154 The
1353 4105 1418 4153 Ο.
1437 4105 1496 4155 L.

350 4186 451 4234 and
484 4185 635 4248 Vulg.
660 4185 789 4248 keep
821 4187 1009 4233 astutia
1034 4194 1086 4234 to
1108 4194 1359 4250 represent
1386 4203 1503 4233 παν-

350 4269 536 4330 ουργία,
583 4267 728 4330 using
767 4267 983 4330 nequitia
1022 4269 1098 4316 for
1136 4269 1320 4327 κυβεία.
1410 4269 1502 4317 Re-

350 4352 561 4400 medium
584 4350 627 4398 is
651 4349 734 4397 the
758 4349 824 4398 O.
852 4349 908 4397 L.
933 4349 1195 4413 rendering
1212 4349 1269 4398 of
1283 4351 1505 4408 μεθοδεία

349 4430 421 4493 (in
445 4431 529 4480 the
560 4444 702 4479 sense
731 4427 789 4477 os
809 4444 839 4476 a
866 4435 1106 4484 nostrum,
1138 4428 1504 4492 ‘quaele-medi-

349 4512 513 4564 cine':
549 4512 679 4568 Mill,
706 4512 974 4575 prolegg.§
1006 4509 1138 4572 568).
1208 4509 1367 4560 Lucis.
1395 4511 1503 4560 Cal.

1606 3547 1720 3581 uses
1743 3532 1780 3580 it
1803 3530 1910 3579 also
1932 3530 1982 3579 in
2005 3546 2051 3579 c.
2076 3530 2141 3579 vi.
2182 3545 2254 3589 ιι,
2285 3532 2451 3582 where
2484 3549 2576 3583 our
2608 3540 2765 3586 trans-

1606 3614 1736 3664 tator
1757 3613 1983 3677 employs
2005 3615 2243 3662 uersutia.

1678 3710 1750 3758 19.
1790 3694 2357 3757 uert'talem...facientes]
2392 3694 2463 3745 So
2487 3695 2551 3746 Ο.
2573 3698 2631 3748 L.
2661 3697 2762 3748 and

1605 3776 1756 3841 Vulg.
1829 3775 1925 3826 Th.
1936 3774 1974 3824 ’s
2003 3791 2203 3832 comm..
2230 3776 2478 3833 however,
2506 3778 2650 3827 bears
2675 3788 2763 3830 out

1607 3861 1705 3910 this
1726 3860 2122 3923 interpretation.
2192 3861 2289 3909 See
2311 3861 2475 3910 below
2497 3876 2563 3909 on
2584 3861 2649 3910 iv.
2680 3875 2761 3922 25.

1668 3956 1869 3988 crescere
1887 3939 2168 4001 faciamus]
2235 3939 2345 3988 The
2380 3939 2643 3988 translator
2674 3956 2763 4004 ap·

1603 4035 1748 4084 pears
1771 4028 1823 4068 to
1857 4020 2033 4083 rega-td
2067 4020 2283 4078 αὐξάνειν
2315 4020 2365 4068 in
2401 4019 2499 4068 this
2531 4020 2673 4083 place
2707 4037 2762 4071 as

1603 4101 1874 4151 transitive.
1944 4102 2008 4151 O.
2051 4102 2111 4151 L.
2140 4102 2239 4151 and
2275 4101 2445 4166 Vulg.,
2476 4119 2761 4163 crescamus,

1601 4198 1890 4246 augeamur.

1672 4278 1752 4326 23.
1818 4272 1864 4315 et
1903 4265 2142 4330 quoniam
2186 4271 2348 4328 caput,
2397 4264 2511 4327 &c.]
2578 4267 2760 4318 Thdt.:

1607 4349 1685 4396 καὶ
1737 4349 1904 4405 ἐπειδὴ
1959 4348 2223 4406 κεφαλὴν
2269 4348 2419 4395 πάλιν
2462 4347 2606 4397 αὐτὸν
2650 4347 2761 4398 ὠνό-

1606 4445 1778 4488 μασεν,
1827 4429 2060 4475 δείκνυσιν
2102 4426 2237 4477 πόσα
2282 4429 2380 4478 ἀπὸ
2423 4431 2509 4489 τῆς
2545 4432 2761 4492 κεφαλῆς

1607 4511 1774 4571 ἀγαθὰ
1796 4511 2096 4572 χορηγεΐται.
