3293 5233
333 399 409 462 V.
454 399 573 484 ¹4]
1136 414 1218 464 ΙΝ
1269 415 1372 465 ΕΡ.
1418 417 1520 465 AD
1566 415 1919 466 GALATAS.
2659 411 2740 480 95

463 595 564 648 est
614 594 680 649 et
735 584 928 649 aliter
988 606 1120 649 non
1185 606 1481 669 peccare,
1544 586 1818 667 quando
1880 586 2029 667 quis
2083 586 2431 648 caritatem
2487 584 2741 647 saluam

330 689 622 752 custodit
647 709 663 767 ;
710 687 818 751 ille
850 689 1025 751 enim
1061 688 1174 770 qui
1207 688 1360 751 talis
1394 698 1495 751 est
1527 710 1661 751 non
1693 687 1910 751 solum
1944 708 1983 750 a
2030 687 2436 751 nocibilitate
2467 685 2745 748 aliorum

330 809 477 852 sese
530 789 815 867 cohibet,
860 792 977 853 sed
1026 802 1093 853 et
1139 790 1561 872 compellitur
1616 792 1868 854 bonum
1923 790 2151 852 facere.
2245 810 2458 871 neque
2503 790 2749 850 seruire

331 890 516 972 piget
548 892 908 975 aliquando
948 893 1196 956 dilecto
1237 893 1383 969 sibi,
1412 893 1467 956 si
1501 914 1634 956 non
1679 893 1805 956 hoc
1853 913 2008 955 usus
2056 893 2393 974 exegerit;
2438 912 2517 954 eo
2565 889 2746 971 quod

332 1015 455 1057 nec
516 997 908 1060 necessitate
969 996 1194 1079 legum
1256 998 1534 1059 adactus
1596 997 1663 1058 id
1729 997 1902 1060 facit.
1998 997 2175 1059 unde
2235 996 2320 1057 de
2381 994 2747 1058 stabilitate
2822 1009 2850 1074 5

331 1096 673 1160 confidens
721 1100 1016 1161 caritatis
1073 1120 1248 1181 quae
1295 1120 1565 1161 ornnem
1605 1098 1909 1161 excludit
1954 1098 2493 1167 controuersiam,
2530 1117 2748 1177 neque

334 1200 604 1262 ‘seruire
636 1200 701 1262 in
734 1202 1049 1264 inuicem’
1082 1223 1329 1283 ponere
1361 1201 1639 1276 distulit,
1677 1210 1743 1265 et
1776 1202 2048 1283 quidem
2081 1200 2482 1263 contrarium
2513 1200 2577 1261 id
2603 1218 2747 1262 esse

328 1297 621 1366 libertati
681 1304 880 1367 ualde
938 1306 1169 1367 sciens.
1259 1304 1477 1366 omnis
1537 1305 1713 1366 enim
1780 1304 2050 1366 libertas
2126 1302 2296 1365 hanc
2356 1302 2744 1364 seruitutem

332 1404 614 1468 libenter
657 1408 855 1485 subit,
897 1429 977 1470 eo
1023 1408 1203 1489 quod
1254 1428 1374 1471 nec
1423 1428 1568 1471 mos
1613 1418 1716 1470 est
1761 1407 2156 1490 obsequium
2205 1406 2465 1469 illorum
2514 1406 2626 1487 qui
2673 1427 2747 1468 se

332 1511 620 1594 diligunt
677 1512 969 1593 grauiter
1030 1512 1213 1587 ferre,
1275 1512 1605 1593 siquando
1667 1512 1793 1576 sibi
1871 1512 1935 1574 in
1998 1512 2280 1574 inuicem
2358 1510 2858 1585 seruierint310

332 1615 787 1695 pusillanimes
849 1635 1005 1677 uero
1066 1624 1224 1678 tunc
1285 1615 1674 1688 efficiuntur,
1735 1613 2009 1696 quando
2067 1612 2318 1676 seruitii
2381 1632 2549 1693 opus
2612 1631 2742 1673 non

328 1716 691 1779 secundum
722 1738 915 1779 suum
949 1718 1364 1800 propositum
1409 1716 1685 1798 implere
1735 1716 2067 1779 uidentur.
2157 1714 2401 1778 deinde
2433 1724 2501 1777 et
2546 1713 2745 1776 latius

330 1818 622 1882 caritatis
654 1841 822 1903 opus
854 1821 1217 1902 explicanS,
1247 1820 1446 1882 dicit:

460 1976 671 2039 omnis
726 1979 897 2041 enim
959 1978 1059 2040 lex
1107 1979 1179 2041 in
1239 1999 1364 2043 uno
1411 1979 1599 2041 uerbo
1648 1978 1952 2059 impletur
1966 2001 1990 2041 .·
2054 1985 2069 2009 ‘
2087 1977 2321 2060 dilzgres
2366 1979 2628 2059 proxim
2635 2000 2743 2042 um

335 2086 518 2140 tuum
547 2078 715 2140 sicut
743 2079 1045 2161 teipsum?
1897 2148 1901 2152 ,
2366 2140 2373 2147 ,
2782 2088 2850 2153 Ι5

466 2215 977 2296 ‘compendiose
1029 2214 1293 2300 (inquit)
1342 2217 1408 2279 in
1453 2216 1580 2280 hoc
1626 2217 1844 2280 omnis
1884 2216 2049 2299 legis
2096 2218 2416 2300 impletur
2448 2218 2745 2281 intenti0.

334 2333 489 2377 nam
522 2335 654 2379 non
687 2317 1003 2392 occidere,
1036 2339 1252 2400 neque
1282 2317 1683 2382 adulterium
1730 2319 1942 2382 facere
1985 2340 2108 2382 nec
2139 2320 2384 2382 furtum
2425 2329 2493 2382 et
2535 2319 2747 2400 quod-

334 2437 618 2501 cumque
668 2419 809 2483 istis
841 2430 941 2483 est
972 2422 1185 2484 simile
1217 2443 1388 2504 quae
1420 2422 1506 2484 ad
1552 2424 1985 2486 nociuitatem
2023 2423 2303 2487 aliorum
2338 2424 2476 2487 fieri
2508 2425 2744 2501 solent,

334 2524 498 2587 haec
552 2525 662 2587 lex
716 2524 986 2607 quidem
1043 2527 1236 2588 minis
1286 2537 1354 2589 et
1402 2528 1761 2590 terroribus
1811 2527 2119 2610 prohibet
2175 2527 2331 2603 fieri,
2376 2538 2443 2591 et
2489 2548 2610 2590 nec
2656 2530 2748 2591 sic

335 2630 524 2693 facile
555 2639 778 2712 potest
810 2629 957 2692 illos
990 2631 1102 2712 qui
1135 2632 1481 2694 subiacent
1513 2632 1636 2693 sibi
1677 2633 2021 2714 corrigere.
2115 2634 2354 2695 caritas
2398 2652 2555 2695 uero
2596 2653 2743 2696 cum
2778 2654 2862 2700 20

334 2734 517 2795 omni
568 2732 680 2796 illa
727 2732 1170 2797 delectatione
1223 2745 1291 2797 et
1353 2734 1675 2797 facilitate
1735 2744 1804 2798 et
1865 2734 2049 2816 omni
2112 2734 2347 2817 implet
2408 2735 2745 2806 instantia.

336 2838 580 2901 etenim
642 2840 947 2921 quisnam
1012 2840 1214 2902 modo
1274 2841 1564 2921 patietur
1626 2860 1861 2900 nocere
1923 2837 2127 2912 illum,
2190 2859 2391 2918 quem
2454 2839 2749 2901 maxime

337 2941 599 3005 uidetur
628 2943 948 3023 diligere?
1035 2943 1152 3005 sed
1188 2953 1254 3005 et
1298 2944 1473 3005 bona
1517 2943 1609 3005 illi
1658 2952 1994 3025 praestare
2039 2962 2158 3022 pro
2203 2941 2435 3004 uirium
2480 2965 2745 3008 suarum

336 3042 798 3124 possibilitate,
849 3064 968 3126 pro
1017 3065 1150 3126 quo
1212 3047 1543 3108 amicitiae
1606 3044 1824 3126 legem
1885 3044 2235 3107 adcelerat.
2325 3046 2418 3106 sic
2480 3055 2546 3108 et
2602 3047 2749 3109 illos

338 3146 449 3228 qui
487 3167 616 3208 non
650 3157 803 3209 sunt
834 3148 957 3210 sub
989 3147 1153 3230 lege,
1186 3149 1502 3231 possibile
1546 3158 1646 3212 est
1689 3147 1800 3210 illa
1847 3168 2020 3229 quae
2070 3146 2234 3228 legis
2266 3158 2421 3210 sunt
2456 3149 2746 3230 implere.
2777 3169 2811 3214 2
2824 3166 2853 3232 5

338 3253 578 3316 caritas
623 3250 798 3312 enim
847 3271 978 3313 non
1026 3273 1113 3315 ex
1162 3254 1308 3335 lege
1352 3253 1608 3335 impleri
1653 3251 1838 3324 solet,
1873 3251 1989 3313 sed
2031 3249 2175 3312 solo
2218 3251 2419 3312 animi
2455 3254 2745 3317 arbitrio,

338 3356 510 3419 hanc
561 3364 785 3416 autem
836 3355 1131 3434 sequitur
1180 3357 1567 3431 necessarie,
1598 3366 1688 3418 ⁴ut
1750 3355 1914 3435 legis
1975 3354 2251 3435 impleat
2294 3354 2748 3420 uoluntatem.

339 3458 636 3520 maxime
683 3466 903 3519 autem
954 3479 1071 3519 uos
1119 3459 1411 3520 caritatis
1457 3459 1651 3520 decet
1700 3457 1975 3538 implere
2023 3456 2259 3536 legem,
2301 3456 2412 3536 qui
2462 3456 2747 3520 futuram

436 3637 466 3681 4
501 3618 541 3665 si
566 3633 665 3665 non
689 3616 785 3666 hoc
808 3617 848 3666 si
878 3617 949 3665 C*
1017 3617 1056 3664 si
1083 3633 1182 3664 non
1207 3619 1272 3664 H
1464 3631 1489 3676 5
1529 3617 1745 3665 stabilite
1770 3617 1835 3664 H
2048 3628 2073 3679 7
2110 3617 2159 3665 in
2187 3615 2531 3680 (bassinuieem)
2555 3633 2631 3664 om
2656 3618 2750 3664 ll*

338 3703 368 3750 8
403 3701 598 3748 liberati
626 3699 695 3747 C*
959 3713 989 3762 9
1024 3700 1190 3747 subdit
1214 3701 1279 3747 sl
1298 3698 1305 3761 Ι
1337 3715 1474 3746 more
1501 3700 1612 3762 (sor
1631 3715 1741 3746 mos
1765 3698 1857 3756 est)
1887 3696 1957 3745 C*
2034 3699 2165 3746 norit
2193 3699 2236 3746 C
2260 3701 2405 3756 (corr)
2476 3715 2662 3746 morem
2700 3700 2764 3747 ll

346 3796 403 3830 10
438 3783 486 3831 in
514 3779 860 3844 (basinuicem)
884 3797 960 3828 om
991 3783 1032 3829 C
1055 3783 1203 3840 (corr)
1387 3784 1443 3830 18
1479 3781 1836 3828 nocibilitatem
1868 3781 1909 3827 C
1933 3779 2075 3841 (corr)
2276 3796 2336 3828 22
2374 3797 2418 3843 q.
2448 3796 2544 3827 non
2571 3781 2752 3828 solum·

338 3865 490 3914 modo
513 3865 726 3928 patietur
751 3879 851 3911 non
875 3879 1052 3912 nocere
1081 3866 1122 3912 C
1145 3865 1293 3923 (corr)
1492 3862 1551 3911 26
1589 3863 1794 3926 implere
1824 3863 1865 3909 C
1899 3859 2042 3923 (corr)
2256 3864 2315 3909 28
2352 3876 2477 3923 quae
2501 3863 2565 3909 ΙΙ

406 4030 452 4078 3.
538 4028 687 4077 neque
722 4012 908 4061 seruire
934 4013 1080 4077 piget,
1118 4014 1230 4074 &e.]
1313 4014 1491 4062 Thdt.:
1591 4011 1956 4072 dem=xat⁷rep.

337 4093 364 4143 ὀ
408 4096 507 4156 γὰρ
558 4092 810 4154 εἰλικρινῶς
853 4091 1056 4155 ἀγαπῶν
1099 4095 1207 4142 οὐδὲ
1256 4095 1494 4142 δουλεύειν
1666 4108 1740 4151 14.
1809 4091 2060 4155 implam]
2108 4090 2525 4151 πληροῦται-ὼε
2550 4092 2753 4154 readIng

338 4176 644 4236 παραιτεῖται
666 4174 737 4234 τῷ
760 4176 1042 4234 φιλουμένῳ.
1594 4169 1653 4219 of
1680 4173 1875 4234 Chrys.,
1902 4172 2057 4220 Thdt.
2129 4175 2197 4220 So
2223 4170 2328 4218 also
2362 4171 2445 4219 the
2475 4171 2620 4218 Latin
2648 4188 2749 4219 ver·

408 4269 450 4318 7.
542 4256 598 4302 in
642 4254 872 4315 inuicem]
961 4256 1070 4303 The
1116 4254 1333 4304 lexicons
1380 4255 1492 4318 give
1595 4256 1743 4304 sions.

338 4356 446 4388 exx.
477 4338 534 4387 of
552 4338 632 4393 ab,
656 4337 738 4389 ad.
764 4351 869 4399 prO,
902 4335 1126 4382 inuicem.
1191 4336 1257 4383 In
1284 4336 1492 4383 inuicem
1667 4335 1738 4385 16.
1818 4335 2157 4398 compendiose]
2220 4333 2396 4382 Thdt.:
2435 4335 2635 4382 δύνασθε
2676 4336 2752 4382 διὰ

340 4438 499 4471 seems
523 4429 575 4469 to
608 4421 671 4467 be
704 4419 752 4466 in
789 4433 879 4465 our
914 4418 1068 4465 MSS.
1104 4433 1167 4464 an
1202 4417 1492 4464 alternative
1593 4418 1682 4475 τῆς
1716 4420 1825 4474 μιᾶς
1860 4421 2036 4476 ταύτης
2073 4415 2267 4474 ἐντολῆς
2302 4417 2465 4464 πάντα
2500 4415 2752 4475 πληρῶσαι

342 4503 466 4550 form
513 4502 588 4549 sor
626 4500 710 4548 the
754 4499 932 4561 simple
966 4499 1188 4546 inuicem.
1277 4499 1348 4544 lit
1387 4498 1490 4558 qul·
1596 4495 1679 4546 τὸν
1704 4497 1854 4556 νόμον.
