3293 5233
605 373 687 453 56
1264 384 1721 439 THEODORUS
1746 384 2352 443 *MOPSUESTENUS
2583 370 2741 455 [III.
2777 384 2877 452 27,
2911 371 3013 434 28.

600 560 715 644 qui
745 557 864 623 filii
907 558 1036 624 Dei
1078 558 1444 641 nuncupati
1485 566 1672 640 sunt;
1718 558 1900 641 quod
1941 556 2124 622 nullo
2161 557 2365 622 modo
2405 555 2533 621 illis
2576 557 2875 621 accidere
2913 558 3016 621 fas

600 673 760 740 erat,
805 664 859 728 si
898 662 1252 727 uirtutibus
1300 662 1639 746 donatam,
1671 660 1795 725 sibi
1849 661 2307 744 adoptionem.
2339 660 2628 724 filiorum
2652 660 3016 724 ‘custodire

600 765 1001 842 uoluissent3
1044 766 1196 830 ideo
1247 763 1531 828 filiorum
1587 763 2021 847 adoptionem
2075 760 2418 846 apostolus
2466 762 3012 828 resurrectionem

598 889 744 932 esse
817 868 995 944 dicit,
1059 888 1150 936 eo.
1200 867 1381 950 quod
1443 866 1829 930 inmortales
1891 866 2136 932 erimus
2195 865 2810 930 tunc—secundum
2883 863 3014 930 hoc

533 971 780 1053 5enim
823 979 889 1033 et
939 970 1005 1033 in
1054 969 1465 1052 baptismate
1521 969 1810 1035 filiorum
1871 969 2307 1051 adoptionem
2365 955 2643 1050 adsequi
2712 968 3011 1044 dicimur,

597 1071 966 1135 secundum
1020 1072 1202 1154 quod
1256 1073 1322 1134 in
1378 1072 1694 1155 baptismi
1747 1071 2073 1154 primitias
2124 1071 2554 1153 suscepimus,
2605 1069 2887 1134 formam
2942 1071 3011 1134 in

597 1174 838 1239 eodem
899 1175 1309 1257 baptismate
1356 1176 1590 1239 mortis
1642 1195 1911 1258 quoque
1959 1182 2027 1238 et
2082 1175 2574 1238 resurrectionis
2635 1172 3009 1257 implentes,

597 1278 691 1342 sic
737 1278 915 1342 enim
956 1287 1023 1342 et
1070 1278 1156 1342 ad
1211 1278 1557 1342 Romanos
1605 1278 1899 1341 scribens
1947 1278 2149 1343 dicit:
2194 1298 2320 1344 non
2368 1279 2577 1342 solum
2625 1289 2858 1355 autem,
2898 1278 3017 1342 sed

595 1391 657 1443 et
703 1380 830 1463 ipsi
860 1379 1210 1463 primitias
1258 1380 1550 1463 Spiritus
1598 1380 1894 1446 habentes
1947 1401 2065 1445 nos
2112 1381 2243 1463 ipsi
2289 1380 2361 1444 in
2412 1380 2593 1444 nobis
2641 1380 2799 1463 ipsis
2835 1379 3008 1463 inge-

491 1505 569 1551 10
596 1484 941 1561 miscimus,
971 1484 1278 1568 filz’orum
1317 1484 1714 1566 adoptionem
1753 1493 2154 1565 expectantes,
2198 1482 2682 1564 redemptionem
2732 1483 3009 1565 corporis

594 1586 849 1659 nostri‚·
912 1585 1199 1652 filiorum
1247 1587 1682 1669 adoptionem
1720 1606 1948 1650 uerum
1997 1606 2262 1659 uocanS,
2312 1585 2612 1669 eoquod
2655 1594 2814 1648 tunc
2856 1593 3007 1666 post

595 1688 1137 1753 resurrectionem
1171 1689 1556 1753 inmortales
1610 1688 1827 1752 effecti
1877 1689 2431 1770 permanebimus.
2520 1689 2616 1752 sic
2658 1697 2726 1752 et
2768 1687 2833 1750 in
2879 1686 3006 1749 hoc

595 1791 741 1857 loco
794 1793 955 1857 dicit
1003 1793 1317 1876 quoniam
1356 1792 1735 1855 ‘credentes
1767 1793 1832 1855 in
1868 1791 2205 1857 Christum
2259 1792 2373 1855 filii
2422 1792 2551 1856 Dei
2588 1790 2744 1855 sacti
2793 1790 2951 1854 estis
2977 1789 3006 1865 3'

592 1896 718 1959 hoc
762 1905 880 1974 est,
931 1898 994 1959 ‘a
1049 1905 1262 1958 morte
1307 1896 1625 1958 extitistis
1672 1896 1900 1971 securi,
1943 1902 2011 1958 et
2063 1897 2149 1959 ab
2197 1897 2378 1959 omni
2432 1896 2740 1979 passione
2788 1893 3008 1958 liberi.'

489 2016 555 2081 15
592 2000 703 2080 qui
737 2009 960 2061 autem
993 1998 1372 2061 huiusmodi
1404 2007 1576 2071 sunt,
1609 1998 1882 2080 perfecti
1920 1997 2019 2079 (ut
2060 1999 2158 2062 fas
2200 2001 2325 2076 est)
2376 1999 2607 2075 effecti,
2657 1999 2827 2061 ultra
2874 2016 3006 2060 non

591 2112 904 2184 poterunt
937 2122 1225 2184 peccare,
1271 2101 1817 2164 inmortalitatem
1848 2103 2055 2164 semel
2103 2103 2315 2184 potiti.
2407 2103 2519 2165 lex
2562 2113 2786 2165 autem
2832 2122 3007 2183 quae

591 2206 965 2287 paedagogi
1020 2204 1238 2272 locum
1302 2203 1640 2285 implebat,
1691 2204 1758 2265 in
1818 2203 1921 2267 his
1980 2206 2094 2286 qui
2145 2204 2524 2267 huiusmodi
2578 2213 2732 2267 sunt
2786 2202 2999 2266 locum

589 2306 833 2371 habere
866 2325 999 2370 non
1032 2315 1309 2388 poterat.
1400 2305 1560 2387 quid
1594 2306 1771 2369 enim
1804 2315 1905 2369 est
1946 2307 2126 2388 quod
2169 2307 2385 2369 minus
2427 2306 2552 2368 illis
2592 2304 2803 2386 possit
2845 2324 3004 2377 esse,

590 2411 771 2491 quod
804 2417 872 2472 et
903 2429 943 2471 a
974 2411 1369 2490 paedagogo
1401 2409 1679 2491 adsequi
1709 2409 2004 2490 possint?
2092 2410 2344 2491 ‘itaque
2386 2429 2600 2491 neque
2642 2405 3004 2469 inmortali-

481 2535 565 2582 20
590 2512 716 2575 bus
749 2512 939 2575 uobis
973 2512 1102 2578 iam
1146 2511 1337 2577 sactis
1379 2507 1599 2578 locum
1643 2511 1942 2594 legitima
1988 2512 2366 2575 obseruatio
2412 2512 2479 2573 in
2526 2511 2714 2574 uobis
2760 2510 3006 2592 poterit

590 2615 866 2695 habere3
909 2614 1021 2684 illa
1083 2616 1261 2681 enim
1316 2615 1686 2698 corporalia
1739 2626 1895 2679 sunt
1945 2618 2281 2692 mandata,
2328 2637 2501 2700 quae
2553 2626 2621 2680 et
2673 2615 2760 2679 ad
2814 2634 3006 2697 prae-

590 2728 844 2784 sentem
878 2716 1050 2784 hanc
1095 2728 1164 2781 et
1210 2719 1643 2800 temporalem
1679 2719 1887 2783 uitam
1919 2728 2297 2801 competere
2327 2718 2670 2783 uidentur.’
2746 2727 2813 2782 et
2842 2739 3007 2801 quo-

591 2822 769 2883 niam
804 2823 931 2885 ista
963 2821 1029 2884 in
1063 2820 1286 2888 futuro
1318 2831 1512 2886 erunt
1541 2822 1827 2899 saecu10,
1860 2842 2035 2885 nunc
2076 2832 2297 2886 autem
2345 2823 2458 2886 illa
2491 2823 2776 2885 necdum
2808 2822 3003 2904 potiti

590 2943 837 2996 sumuS,
883 2923 1006 2987 nisi
1059 2924 1486 2988 solummodo
1538 2926 1605 2988 in
1660 2924 1912 3003 forma;
1964 2926 2116 2989 ideo
2162 2927 2245 2990 ad
2293 2926 2714 3009 baptismatis
2768 2926 3005 2990 transit

480 3042 555 3107 25
591 3028 937 3103 rationem,
987 3028 1051 3090 in
1107 3048 1240 3110 quo
1295 3028 1560 3091 illorum
1607 3026 1821 3092 forma
1866 3038 2176 3111 suscepta
2220 3038 2339 3107 est,
2386 3040 2453 3094 et
2498 3031 2687 3113 quasi
2737 3030 2871 3093 iam
2920 3029 3004 3093 de

589 3130 906 3195 confessis
937 3132 1113 3214 apud
1147 3132 1420 3195 eosdem
1452 3131 1649 3195 rebus
1679 3132 1993 3215 baptismi
2026 3133 2264 3197 referat
2296 3134 2641 3199 uirtutem:

717 3262 1020 3334 quotquot
1054 3251 1315 3335 (inquit)
1355 3251 1425 3314 in
1462 3250 1718 3317 Christo
1747 3252 2066 3335 baptizati
2087 3254 2255 3331 estis,
2294 3253 2629 3320 Christum
2662 3254 2969 3320 induistis
2978 3278 3008 3330 ,-

590 3374 714 3417 non
744 3365 837 3417 est
863 3356 1147 3420 Iudaeus
1176 3376 1368 3437 neque
1386 3356 1673 3437 gentilis,
1714 3377 1839 3419 non
1885 3367 1979 3419 est
2019 3379 2252 3422 seruus
2294 3379 2488 3440 neque
2529 3359 2706 3435 liber,
2750 3381 2877 3422 non
2913 3369 3007 3423 est

590 3455 915 3518 masculus
961 3476 1153 3539 neque
1192 3455 1462 3538 femina
1479 3481 1510 3532 ‚·
1556 3478 1771 3521 omnes
1805 3460 1979 3522 enim
2026 3480 2138 3522 uos
2184 3481 2388 3523 unum
2432 3462 2585 3524 estis
2630 3461 2699 3524 in
2747 3461 3007 3528 Christo

480 3573 563 3635 30
589 3559 753 3623 Iesu.

690 3707 716 3755 5
753 3694 1074 3758 adoptionem
1096 3712 1173 3744 om
1210 3696 1304 3745 ll*
1394 3698 1475 3745 ins
1498 3698 1602 3761 (bes
1629 3698 1722 3759 fil.)
1747 3700 1813 3748 H
1829 3701 1976 3760 (corr)
2232 3699 2263 3748 6
2299 3701 2350 3749 in
2375 3700 2478 3763 (bas
2496 3701 2660 3765 bapt.)
2682 3717 2760 3749 om
2790 3701 2835 3749 C
2854 3702 3004 3760 (corr)

593 3788 617 3837 7
655 3777 838 3839 quique
867 3778 909 3825 C
917 3777 944 3800 ⁴*
1098 3793 1147 3826 11
1189 3794 1354 3828 ueram
1387 3780 1430 3828 C
1447 3797 1522 3827 om
1547 3781 1614 3828 Il
1632 3779 1639 3844 Ι
1672 3797 1802 3830 nunc
1828 3783 1943 3845 (sor
1964 3785 2101 3842 tunc)
2131 3785 2175 3832 C
2320 3783 2378 3833 16
2412 3783 2764 3833 inmortalitate
2792 3784 2837 3832 C
2857 3785 3005 3843 (corr)

597 3871 785 3922 17—-19
818 3859 1342 3924 locum—paedagogo
1364 3878 1440 3910 om
1465 3863 1536 3911 ll.
1752 3879 1806 3911 τι
1847 3864 1932 3911 illa
1958 3865 2063 3928 (lus
2072 3865 2275 3924 habere)
2299 3865 2402 3913 add
2418 3866 2485 3913 ll
2672 3881 2732 3914 ἠ
2769 3882 2869 3930 quo
2893 3865 3010 3928 (for

589 3942 845 4004 quoniam)
876 3943 918 3991 C
1044 3959 1068 3991 2
1077 3959 1105 4006 3
1140 3944 1391 3994 nunclauit
1417 3943 1513 4012 (ast
1535 3945 1754 4006 saeculo)
1780 3945 1877 3994 add
1902 3947 1968 3994 H
1984 3947 2130 4007 (corr)
2251 3946 2313 3996 26
2345 3946 2539 3996 hisdem
2564 3945 2678 4011 (sor
2698 3946 2859 4010 eosd.)
2892 3949 2935 3996 C
2953 3948 3021 3996 ll

657 4083 704 4129 8.
789 4081 862 4128 ad
907 4082 1157 4130 Romanos
1200 4082 1321 4144 scta]
1417 4083 1513 4132 See
1568 4085 1745 4143 above,
1849 4084 1912 4133 cs.
1951 4085 2167 4141 Ronsch,
2192 4086 2343 4143 Itala,
2371 4102 2418 4150 p.
2449 4102 2561 4148 44²·

592 4181 639 4228 p.
674 4167 748 4222 38,
780 4165 811 4213 k.
848 4179 888 4223 1,
919 4173 1051 4213 note.
1918 4180 1993 4228 29.
2057 4182 2216 4214 unum
2255 4168 2383 4228 cstis]
2459 4168 2569 4215 The
2610 4176 2783 4217 neuter
2818 4168 2859 4216 is
2895 4184 3006 4232 pro-

666 4249 737 4294 18.
807 4247 1151 4309 minus...csse]
1199 4249 1414 4298 λείπεινι
1450 4264 1532 4298 see
1570 4265 1621 4313 p.
1665 4265 1744 4312 55,
1850 4249 2003 4311 bably
2036 4249 2134 4297 due
2171 4257 2223 4298 to
2264 4250 2348 4298 the
2379 4249 2656 4310 translator,
2692 4251 2825 4299 since
2865 4250 3007 4298 Th.’s

595 4329 645 4374 11.
681 4331 750 4383 18,
781 4345 855 4388 ²4·
1849 4336 2098 4376 comment
2124 4345 2282 4377 seems
2307 4336 2357 4376 to
2384 4329 2521 4378 show
2555 4329 2660 4377 that
2694 4329 2757 4378 he
2792 4329 2907 4377 read
2945 4329 3009 4377 εἷς

660 4406 734 4456 26.
809 4410 947 4470 apud
973 4411 1172 4471 audem]
1238 4411 1332 4459 See
1374 4428 1452 4459 vv.
1495 4411 1544 4460 ll.
1637 4411 1747 4460 The
1849 4407 1976 4458 ἐστέ.
2063 4409 2144 4459 Cf.
2192 4411 2377 4459 Th‹lt.:
2424 4412 2480 4459 τὸ
2526 4411 2605 4460 εἷς
2648 4407 2754 4458 α’ντὶ
2798 4412 2883 4458 τοῦ
2933 4411 3008 4457 ’ἐν

593 4490 758 4537 ‹lative
789 4507 903 4552 may
939 4493 1104 4541 refleet
1137 4493 1218 4541 the
1252 4493 1354 4542 Gk.
1381 4491 1510 4554 (παρ’
1537 4495 1743 4551 norom:
1850 4493 2024 4542 mima)
