3293 5233
640 391 725 439 20
1301 387 1756 439 THEODORUS
1803 387 2386 439 MOPSUESTENUS
2799 374 2915 459 [11.
2960 394 3055 442 ιο.

645 562 768 625 nisi
801 569 874 624 ut
908 560 1157 635 Iudaei,
1189 560 1302 643 qui
1336 580 1423 623 ex
1456 569 1681 623 uetere
1726 559 1892 641 legis
1934 559 2414 623 consuetudine
2446 580 2580 623 non
2623 560 3057 643 patiebantur

642 662 951 746 gentibus
984 662 1375 745 permisceri,
1421 682 1500 725 eo
1532 661 1713 743 quod
1748 660 1895 744 lege
1926 661 2182 725 dudum
2217 662 2477 727 fuerant
2519 663 2867 745 segregati,
2899 663 3055 726 ideo

646 775 712 828 et
765 785 882 848 per
933 765 1207 827 beatum
1265 765 1534 827 Petrum
1581 765 1672 827 ad
1725 763 1928 827 fidem
1976 785 2150 847 quae
2204 765 2270 827 in
2321 764 2588 828 Christo
2634 774 2735 827 est
2785 763 3055 826 induce-

647 875 907 944 rentur;
979 864 1074 929 illi
1137 885 1296 929 uero
1356 866 1470 949 qui
1532 887 1621 929 ex
1682 866 1994 947 gentibus
2055 875 2243 930 erant
2304 866 2536 929 itidem
2598 886 2718 949 per
2775 865 3051 928 beatum

581 971 610 1036 5
648 967 926 1030 Paulum
968 967 1054 1029 ad
1088 967 1290 1032 fidem
1333 957 1863 1051 perducerentur.
1950 970 2384 1052 congregauit
2414 979 2640 1032 autem
2673 989 2786 1031 eos
2816 977 3054 1052 postea

643 1071 709 1135 in
742 1090 945 1132 unum
989 1070 1144 1134 fidei
1182 1071 1591 1148 similitudo;
1637 1093 1843 1135 unum
1884 1072 2155 1154 quidem
2197 1093 2428 1136 omnes
2460 1073 2736 1155 operati,
2769 1075 2941 1137 sicut
2982 1084 3053 1137 et

641 1174 890 1237 sactum
944 1194 1088 1237 esse
1136 1196 1225 1239 ex
1281 1176 1441 1259 ipsis
1494 1176 1688 1239 rebus
1743 1176 2090 1239 euidenter
2139 1176 2528 1241 ostenditur.
2642 1177 2932 1260 denique
2981 1187 3052 1242 et

644 1277 886 1340 Paulus
939 1288 1228 1359 quantos
1281 1289 1546 1361 poterat
1586 1279 1993 1343 Iudaeorum
2031 1279 2119 1342 ad
2166 1279 2371 1342 fidem
2416 1280 2810 1357 deuocabat‚
2853 1281 3051 1344 sicuti

642 1391 709 1445 et
760 1381 1084 1462 Corintho
1131 1383 1302 1460 fecit,
1351 1385 1571 1467 ipsum
1619 1384 1988 1467 principem
2033 1403 2423 1467 synagogae
2472 1383 2737 1448 Christo
2784 1384 3051 1448 credere

541 1499 617 1545 10
643 1484 969 1565 suadens;
1018 1495 1086 1549 et
1128 1486 1352 1550 multis
1393 1488 1460 1550 in
1499 1486 1662 1550 locis
1704 1487 1979 1551 euidens
2019 1497 2121 1550 est
2162 1487 2225 1549 in
2266 1488 3049 1570 synagogisvdisputasse

644 1588 928 1656 Iudaeis,
1043 1592 1276 1655 Petrus
1335 1613 1605 1675 quoque
1656 1591 1988 1674 gentibu8‚
2046 1592 2597 1674 quotiescumque
2641 1593 2878 1675 potuit,
2923 1590 3050 1655 hoc

645 1694 839 1776 ipsud
887 1694 1102 1758 facere
1149 1717 1282 1759 non
1330 1697 1544 1778 piguit
1570 1717 1585 1773 ;
1658 1695 1840 1777 quod
1884 1704 1950 1758 et
1998 1694 2297 1776 inprimis
2339 1695 2704 1757 secundum
2752 1694 3046 1758 diuinam

642 1796 1118 1860 reuelationem
1167 1818 1325 1878 erga
1366 1798 1747 1862 Cornelium
1783 1797 1962 1860 uisus
2009 1807 2112 1860 est
2153 1797 2524 1880 perfecisse.
2618 1807 2685 1861 et
2731 1799 3047 1879 quoniam

640 1897 892 1961 diuisos
947 1918 1062 1960 eos
1109 1897 1304 1972 dixit,
1357 1898 1595 1978 pandit
1648 1898 1885 1961 horum
1937 1920 2205 1981 quoque
2259 1907 2327 1962 et
2381 1899 2643 1962 illorum
2700 1900 3041 1963 doctrinae

539 2015 607 2079 15
641 2000 1069 2083 diligentiam.
1185 1998 1539 2061 uidebatur
1596 2011 1823 2063 autem
1887 2002 2113 2065 multis
2175 2004 2240 2065 in
2304 2002 2465 2066 locis
2526 2002 3035 2067 sollicitudinem

541 2121 564 2141 ·
641 2101 1020 2183 expendere
1080 2098 1166 2163 de
1213 2099 1344 2162 illis
1390 2103 1638 2164 sanctis
1693 2104 1804 2184 qui
1860 2105 1926 2166 in
1976 2105 2229 2169 Iudaea
2278 2115 2487 2184 erant,
2532 2115 2598 2169 et
2653 2113 3049 2189 paupertate

640 2206 1077 2284 tenebantur;
1123 2226 1202 2268 eo
1258 2205 1438 2286 quod
1489 2204 1636 2268 illos
1689 2207 1805 2289 qui
1858 2206 2124 2271 Christo
2176 2210 2540 2273 credebant
2587 2219 2747 2272 tunc
2795 2208 3049 2287 Iudaei,

641 2320 798 2372 ante
847 2309 1418 2392 expugnationem
1487 2309 1607 2384 sui,
1668 2310 1949 2392 propriis
2012 2311 2207 2373 rebus
2268 2313 2521 2375 nudare
2575 2334 2759 2376 more
2819 2323 3050 2396 tyran-

640 2430 874 2472 norum
909 2409 1376 2492 properabant.
1470 2429 1591 2490 pro
1634 2408 1876 2491 quibus
1926 2411 2130 2474 etiam
2177 2410 2435 2474 Galatis
2482 2434 2686 2495 super
2738 2415 2867 2478 hoc
2919 2415 3053 2476 dis-

533 2537 617 2584 20
643 2522 911 2595 putasse
941 2514 1229 2595 signauit
1254 2513 1615 2594 apostolus,
1683 2512 1972 2594 denique
2006 2523 2074 2575 et
2109 2512 2472 2577 Corinthiis
2504 2517 2816 2591 scribens,
2847 2517 3010 2580 dicit
3036 2538 3051 2579 :

641 2614 807 2678 sicut
867 2614 1179 2679 ordinaui
1232 2615 1500 2677 ecclesiis
1564 2614 1883 2692 Galatiae,
1941 2616 2037 2679 sic
2090 2626 2153 2679 et
2203 2637 2318 2679 uos
2365 2616 2596 2697 facite.
2688 2619 3050 2682 ostendens

641 2720 975 2799 quoniam,
1008 2739 1225 2802 neque
1273 2717 1400 2781 hoc
1441 2728 1747 2802 except0,
1790 2719 1971 2801 quod
2015 2719 2481 2801 disposuerant
2521 2718 2691 2779 inter
2721 2739 2792 2780 se
2836 2719 3052 2782 facere

641 2821 1010 2884 faciebant:

768 2944 1024 2998 tantum
1055 2945 1413 3017 pauperum
1457 2946 1533 2998 ut
1560 2957 1864 2998 memores
1899 2957 2174 2998 essemus
2192 2959 2221 3010 ‚·
2266 2933 2439 3016 quod
2475 2943 2537 2997 et
2560 2932 2897 3015 festinans
2939 2931 3054 2994 lzoc

530 3058 565 3102 2
577 3056 606 3120 5
641 3039 836 3121 zjbsud
857 3039 1096 3122 facere.

770 3151 931 3214 ‘hoc
976 3158 1117 3213 erat
1163 3151 1379 3213 solum
1427 3150 1747 3232 placitum
1796 3152 2002 3224 nobis,
2060 3159 2133 3213 ut
2187 3158 2254 3213 et
2308 3170 2427 3212 nos
2477 3148 2605 3212 illis
2651 3146 3053 3230 pauperibus

639 3254 751 3333 qui
807 3253 988 3334 apud
1044 3273 1158 3315 eos
1212 3262 1400 3315 erant
1452 3253 1867 3335 diligentiam
1924 3255 2408 3330 adhiberemu5‚
2462 3255 2552 3317 ob
2626 3270 3051 3316 communem

640 3354 996 3442 utilitatem
1060 3364 1125 3417 et
1188 3376 1547 3418 consensus
1622 3358 1829 3420 nostri
1889 3359 2354 3441 probationem
2382 3377 2397 3432 ;
2477 3357 2659 3439 quod
2720 3356 2923 3418 etiam
2988 3363 3056 3418 et

639 3456 960 3519 sollicitus
994 3457 1083 3520 fui
1116 3456 1363 3521 facere.’
1454 3467 1521 3521 et
1552 3462 1915 3525 ostendens
1961 3463 2278 3544 quoniam
2326 3461 2812 3542 adquieuerunt
2845 3458 3051 3521 etiam

532 3574 615 3636 30
641 3560 733 3622 illi
784 3561 847 3622 in
902 3563 1043 3623 eius
1091 3562 1461 3624 doctrinam
1508 3562 1600 3624 sic
1652 3563 1856 3627 dicit:

736 3722 783 3764 4,
813 3715 840 3764 5
875 3701 1248 3762 inducebantur,
1276 3704 1674 3767 perducebantur
1702 3708 1746 3756 C
1764 3708 1833 3756 H
1988 3719 2014 3769 7
2049 3714 2123 3756 est
2164 3705 2241 3755 C*
2409 3706 2440 3753 8
2474 3705 2599 3754 sicut
2624 3704 2691 3752 H
2842 3719 2901 3753 ιο
2939 3719 3057 3752 eum

637 3781 763 3845 disp.
794 3798 907 3831 cum
932 3783 973 3832 Ι.
1009 3784 1053 3832 C
1072 3783 1217 3846 (corr)
1371 3800 1421 3833 11
1466 3786 1611 3834 Petro
1641 3788 1683 3834 C
1834 3803 1887 3836 12
1926 3788 2088 3851 ipsum
2128 3787 2170 3835 C
2193 3782 2339 3847 (corr)
2501 3784 2559 3834 16
2592 3785 2642 3832 in
2676 3800 2754 3831 om
2786 3784 2852 3832 II
2995 3797 3058 3845 25

639 3869 797 3917 facere
832 3883 910 3916 om
947 3867 991 3915 C
1183 3865 1244 3915 26
1278 3866 1372 3915 hoc
1406 3875 1509 3916 erat
1543 3884 1621 3916 om
1658 3869 1724 3916 H
1914 3884 1975 3930 30
2008 3866 2234 3916 doctrina
2264 3873 2369 3915 erat
2403 3867 2727 3929 reprehensus
2758 3866 2827 3914 sic
2858 3864 2979 3914 dicit
3007 3873 3059 3914 et

639 3958 776 3999 erant
814 3949 859 3998 C
935 3947 1212 3997 doctrinam
1245 3950 1315 3997 sic
1346 3948 1468 3997 dicit
1498 3956 1602 3998 erat
1626 3965 1754 4012 repr.
1789 3950 1830 3999 C
1854 3946 1996 4012 (corr)
2072 3948 2350 3996 doctrinam
2384 3956 2488 3997 erat
2525 3964 2651 4012 repr.
2690 3948 2815 3996 sicut
2853 3946 2974 3995 dicit
3007 3955 3059 3995 et

639 4038 782 4081 erant
816 4030 883 4078 H

705 4176 752 4226 9.
833 4158 1112 4224 principem
1181 4159 1468 4222 synagogae]
1551 4160 1790 4225 Crispus:
1894 4156 2013 4209 ὄντα
2046 4156 2358 4220 ἀφῃρέθησαν
2387 4159 2609 4208 ἅπαντας
2645 4159 2801 4222 citing
2827 4175 2852 4208 2
2878 4158 3056 4207 Thess.

641 4244 764 4291 Acts
787 4242 923 4291 xviii.
950 4244 998 4290 8.
1897 4240 1947 4288 ii.
1981 4255 2071 4303 14;
2109 4240 2271 4288 Hebr.
2297 4257 2345 4287 x.
2374 4255 2453 4301 34.

712 4327 785 4374 18.
858 4323 1454 4386 nudaaee...properabant]
1523 4325 1592 4372 So
1617 4324 1793 4387 Chrys.
1965 4337 2043 4370 20.
2125 4322 2394 4369 Corinthiis
2415 4321 2642 4380 scribens]
2694 4333 2712 4367 1
2744 4319 2859 4367 Cor.
2884 4317 2983 4365 xvi.
3016 4333 3058 4373 1,

640 4409 759 4455 τίνες
783 4408 834 4454 δέ
858 4407 976 4455 εἰσιν
997 4403 1125 4454 οὗτοι
1153 4408 1198 4454 ol
1231 4407 1419 4467 πτωχοί
1442 4424 1456 4465 3
1490 4408 1667 4453 πολλοὶ
1701 4403 1796 4454 τῶν
1901 4405 2061 4465 ὥσπερ
2079 4404 2270 4460 διέταξα
2291 4405 2396 4451 ταῖς
2415 4399 2683 4461 ἐκκλησίαις
2697 4401 2782 4457 τῆς
2798 4400 3059 4447 Γαλατίας.

638 4484 875 4533 Ἰουδαίων
913 4484 1260 4533 πιστεύσαντες
1304 4487 1354 4532 ἐν
1395 4486 1699 4546 Παλαιστίνῃ
1735 4482 1797 4533 τὰ
1966 4502 2044 4548 30.
2094 4487 2146 4534 in
2164 4483 2741 4542 ez'mdeclr1‘nam,sscd.]
2790 4487 2883 4531 See
2902 4499 2980 4529 vv.
3005 4485 3057 4530 ll.
