<?xml version="1.0" encoding="UTF-8"?>
<!DOCTYPE html PUBLIC "-//W3C//DTD XHTML 1.0 Transitional//EN"
    "http://www.w3.org/TR/xhtml1/DTD/xhtml1-transitional.dtd">
<html xmlns="http://www.w3.org/1999/xhtml" xml:lang="en" lang="en">
 <head>
  <title>
</title>
<meta http-equiv="Content-Type" content="text/html;charset=utf-8" />
  <meta name='ocr-system' content='tesseract 3.04.00' />
  <meta name='ocr-capabilities' content='ocr_page ocr_carea ocr_par ocr_line ocrx_word'/>
</head>
<body>
  <div class='ocr_page' id='page_1' title='image "./theodoriepiscop00mopsgoog_0218.png"; bbox 0 0 3293 5233; ppageno 0'>
   <div class='ocr_carea' id='block_1_1' title="bbox 557 357 2962 457">
    <p class='ocr_par' dir='ltr' id='par_1_1' title="bbox 557 357 2962 457">
     <span class='ocr_line' id='line_1_1' title="bbox 557 357 2962 457; baseline 0.009 -25"><span class='ocrx_word' id='word_1_1' title='bbox 557 384 678 433; x_wconf 88' lang='lat'><strong>120</strong></span> <span class='ocrx_word' id='word_1_2' title='bbox 2789 371 2869 457; x_wconf 85' lang='grc' dir='ltr'><strong>[Ῑ·</strong></span> <span class='ocrx_word' id='word_1_3' title='bbox 2895 357 2962 454; x_wconf 77' lang='grc' dir='ltr'><strong>ι3·</strong></span> 
     </span>
    </p>
   </div>
   <div class='ocr_carea' id='block_1_2' title="bbox 545 552 2965 741">
    <p class='ocr_par' dir='ltr' id='par_1_2' title="bbox 545 552 2965 741">
     <span class='ocr_line' id='line_1_2' title="bbox 545 552 2965 640; baseline 0.002 -26"><span class='ocrx_word' id='word_1_4' title='bbox 545 552 912 634; x_wconf 88' lang='lat' dir='ltr'><strong>praesentis</strong></span> <span class='ocrx_word' id='word_1_5' title='bbox 942 553 1263 637; x_wconf 86' lang='lat' dir='ltr'><strong>epistolae</strong></span> <span class='ocrx_word' id='word_1_6' title='bbox 1292 556 1897 639; x_wconf 86' lang='lat' dir='ltr'>praescriptionem,</span> <span class='ocrx_word' id='word_1_7' title='bbox 1931 554 1999 618; x_wconf 87' lang='lat' dir='ltr'><strong>in</strong></span> <span class='ocrx_word' id='word_1_8' title='bbox 2030 554 2134 619; x_wconf 90' lang='lat' dir='ltr'><strong>his</strong></span> <span class='ocrx_word' id='word_1_9' title='bbox 2175 555 2404 621; x_wconf 85' lang='lat' dir='ltr'><strong>statim</strong></span> <span class='ocrx_word' id='word_1_10' title='bbox 2450 556 2672 633; x_wconf 87' lang='lat' dir='ltr'><strong>adicit,</strong></span> <span class='ocrx_word' id='word_1_11' title='bbox 2719 577 2965 640; x_wconf 88' lang='lat' dir='ltr'><strong>propo·</strong></span> 
     </span>
     <span class='ocr_line' id='line_1_3' title="bbox 547 655 1715 741; baseline 0.004 -23"><span class='ocrx_word' id='word_1_12' title='bbox 547 655 748 719; x_wconf 89' lang='lat' dir='ltr'><strong>situm</strong></span> <span class='ocrx_word' id='word_1_13' title='bbox 782 676 974 721; x_wconf 89' lang='lat' dir='ltr'><strong>suum</strong></span> <span class='ocrx_word' id='word_1_14' title='bbox 1005 657 1370 740; x_wconf 87' lang='lat' dir='ltr'><strong>explanare</strong></span> <span class='ocrx_word' id='word_1_15' title='bbox 1401 660 1715 741; x_wconf 87' lang='lat' dir='ltr'><strong>cupiens:</strong></span> 
     </span>
    </p>
   </div>
   <div class='ocr_carea' id='block_1_3' title="bbox 1214 384 2301 468">
    <p class='ocr_par' dir='ltr' id='par_1_3' title="bbox 1214 384 2301 468">
     <span class='ocr_line' id='line_1_4' title="bbox 1214 384 2301 468; baseline 0.001 -32"><span class='ocrx_word' id='word_1_16' title='bbox 1214 384 1678 468; x_wconf 14' lang='lat' dir='ltr'><strong>THEODORUS*</strong></span> <span class='ocrx_word' id='word_1_17' title='bbox 1717 384 2301 439; x_wconf 86' lang='lat' dir='ltr'><strong>MOPSUESTENUS</strong></span> 
     </span>
    </p>
   </div>
   <div class='ocr_carea' id='block_1_4' title="bbox 678 818 2549 893">
    <p class='ocr_par' dir='ltr' id='par_1_4' title="bbox 678 818 2549 893">
     <span class='ocr_line' id='line_1_5' title="bbox 678 818 2549 893; baseline 0.005 -12"><span class='ocrx_word' id='word_1_18' title='bbox 678 818 1030 884; x_wconf 81' lang='lat' dir='ltr'><strong>benedictus</strong></span> <span class='ocrx_word' id='word_1_19' title='bbox 1057 820 1244 886; x_wconf 22' lang='lat' dir='ltr'><strong>Deus,</strong></span> <span class='ocrx_word' id='word_1_20' title='bbox 1264 834 1328 888; x_wconf 84' lang='lat' dir='ltr'><strong>et</strong></span> <span class='ocrx_word' id='word_1_21' title='bbox 1351 824 1561 889; x_wconf 78' lang='lat' dir='ltr'><strong>Pater</strong></span> <span class='ocrx_word' id='word_1_22' title='bbox 1585 824 1840 889; x_wconf 81' lang='lat' dir='ltr'><strong>domini</strong></span> <span class='ocrx_word' id='word_1_23' title='bbox 1866 825 2077 889; x_wconf 81' lang='lat' dir='ltr'><em>nostri</em></span> <span class='ocrx_word' id='word_1_24' title='bbox 2101 824 2251 889; x_wconf 82' lang='lat' dir='ltr'><strong>Iesu</strong></span> <span class='ocrx_word' id='word_1_25' title='bbox 2287 826 2549 893; x_wconf 79' lang='lat' dir='ltr'><em>Christi.</em></span> 
     </span>
    </p>
   </div>
   <div class='ocr_carea' id='block_1_5' title="bbox 445 955 2963 1970">
    <p class='ocr_par' dir='ltr' id='par_1_5' title="bbox 445 955 2963 1970">
     <span class='ocr_line' id='line_1_6' title="bbox 677 955 2962 1048; baseline 0.005 -32"><span class='ocrx_word' id='word_1_26' title='bbox 677 955 994 1036; x_wconf 89' lang='lat' dir='ltr'><strong>quoniam</strong></span> <span class='ocrx_word' id='word_1_27' title='bbox 1047 959 1409 1041; x_wconf 87' lang='lat' dir='ltr'><strong>gratiarum</strong></span> <span class='ocrx_word' id='word_1_28' title='bbox 1458 961 1924 1027; x_wconf 86' lang='lat' dir='ltr'><strong>aetionis—ita</strong></span> <span class='ocrx_word' id='word_1_29' title='bbox 1975 974 2050 1027; x_wconf 90' lang='lat' dir='ltr'><strong>ut</strong></span> <span class='ocrx_word' id='word_1_30' title='bbox 2107 965 2334 1029; x_wconf 86' lang='lat' dir='ltr'><strong>statim</strong></span> <span class='ocrx_word' id='word_1_31' title='bbox 2388 974 2456 1030; x_wconf 92' lang='lat' dir='ltr'><strong>et</strong></span> <span class='ocrx_word' id='word_1_32' title='bbox 2503 986 2544 1029; x_wconf 88' lang='lat' dir='ltr'><strong>a</strong></span> <span class='ocrx_word' id='word_1_33' title='bbox 2596 964 2962 1048; x_wconf 79' lang='lat' dir='ltr'><strong>primordio</strong></span> 
     </span>
     <span class='ocr_line' id='line_1_7' title="bbox 485 1056 2962 1151; baseline 0.005 -32"><span class='ocrx_word' id='word_1_34' title='bbox 485 1056 852 1140; x_wconf 69' lang='lat' dir='ltr'><strong>suideatur</strong></span> <span class='ocrx_word' id='word_1_35' title='bbox 911 1059 1075 1125; x_wconf 88' lang='lat' dir='ltr'><strong>illud</strong></span> <span class='ocrx_word' id='word_1_36' title='bbox 1136 1065 1455 1146; x_wconf 85' lang='lat' dir='ltr'><strong>expedire</strong></span> <span class='ocrx_word' id='word_1_37' title='bbox 1514 1067 1695 1148; x_wconf 92' lang='lat' dir='ltr'><strong>quod</strong></span> <span class='ocrx_word' id='word_1_38' title='bbox 1757 1066 2461 1151; x_wconf 86' lang='lat' dir='ltr'><strong>diximus——quoniam</strong></span> <span class='ocrx_word' id='word_1_39' title='bbox 2537 1068 2662 1131; x_wconf 90' lang='lat' dir='ltr'><strong>sub</strong></span> <span class='ocrx_word' id='word_1_40' title='bbox 2736 1069 2962 1151; x_wconf 90' lang='lat' dir='ltr'><strong>specie</strong></span> 
     </span>
     <span class='ocr_line' id='line_1_8' title="bbox 545 1161 2963 1252; baseline 0.005 -31"><span class='ocrx_word' id='word_1_41' title='bbox 545 1161 907 1241; x_wconf 88' lang='lat' dir='ltr'><strong>gratiarum</strong></span> <span class='ocrx_word' id='word_1_42' title='bbox 945 1163 1224 1228; x_wconf 86' lang='lat' dir='ltr'><strong>actionis</strong></span> <span class='ocrx_word' id='word_1_43' title='bbox 1262 1165 1526 1229; x_wconf 89' lang='lat' dir='ltr'><strong>illorum</strong></span> <span class='ocrx_word' id='word_1_44' title='bbox 1566 1168 1899 1232; x_wconf 88' lang='lat' dir='ltr'><strong>bonorum</strong></span> <span class='ocrx_word' id='word_1_45' title='bbox 1942 1190 2115 1251; x_wconf 91' lang='lat' dir='ltr'><strong>quae</strong></span> <span class='ocrx_word' id='word_1_46' title='bbox 2156 1170 2348 1233; x_wconf 90' lang='lat' dir='ltr'><strong>nobis</strong></span> <span class='ocrx_word' id='word_1_47' title='bbox 2385 1171 2702 1252; x_wconf 85' lang='lat' dir='ltr'><strong>praestita</strong></span> <span class='ocrx_word' id='word_1_48' title='bbox 2732 1180 2888 1233; x_wconf 88' lang='lat' dir='ltr'><strong>sunt</strong></span> <span class='ocrx_word' id='word_1_49' title='bbox 2919 1190 2963 1233; x_wconf 88' lang='lat' dir='ltr'><strong>a</strong></span> 
     </span>
     <span class='ocr_line' id='line_1_9' title="bbox 549 1263 2958 1352; baseline 0.004 -23"><span class='ocrx_word' id='word_1_50' title='bbox 549 1263 816 1329; x_wconf 88' lang='lat' dir='ltr'><strong>Christo</strong></span> <span class='ocrx_word' id='word_1_51' title='bbox 873 1266 1074 1332; x_wconf 86' lang='lat' dir='ltr'><strong>saciat</strong></span> <span class='ocrx_word' id='word_1_52' title='bbox 1131 1268 1521 1335; x_wconf 84' lang='lat' dir='ltr'><strong>doctrinam.</strong></span> <span class='ocrx_word' id='word_1_53' title='bbox 1630 1271 2086 1336; x_wconf 88' lang='lat' dir='ltr'><strong>‘benedicere’</strong></span> <span class='ocrx_word' id='word_1_54' title='bbox 2140 1274 2317 1337; x_wconf 89' lang='lat' dir='ltr'><strong>enim</strong></span> <span class='ocrx_word' id='word_1_55' title='bbox 2370 1274 2612 1338; x_wconf 91' lang='lat' dir='ltr'><strong>dicitur</strong></span> <span class='ocrx_word' id='word_1_56' title='bbox 2670 1273 2958 1352; x_wconf 84' lang='lat' dir='ltr'><strong>laudare,</strong></span> 
     </span>
     <span class='ocr_line' id='line_1_10' title="bbox 546 1361 2954 1456; baseline 0.003 -27"><span class='ocrx_word' id='word_1_57' title='bbox 546 1361 885 1446; x_wconf 68' lang='lat' dir='ltr'><strong>extollere,</strong></span> <span class='ocrx_word' id='word_1_58' title='bbox 918 1370 1097 1433; x_wconf 89' lang='lat' dir='ltr'><strong>bona</strong></span> <span class='ocrx_word' id='word_1_59' title='bbox 1137 1392 1415 1437; x_wconf 87' lang='lat' dir='ltr'><strong>narrare.</strong></span> <span class='ocrx_word' id='word_1_60' title='bbox 1504 1371 1737 1456; x_wconf 88' lang='lat' dir='ltr'><strong>†quod</strong></span> <span class='ocrx_word' id='word_1_61' title='bbox 1780 1374 1960 1436; x_wconf 89' lang='lat' dir='ltr'><strong>enim</strong></span> <span class='ocrx_word' id='word_1_62' title='bbox 2002 1374 2217 1438; x_wconf 83' lang='lat' dir='ltr'>dixit:</span> <span class='ocrx_word' id='word_1_63' title='bbox 2264 1375 2631 1451; x_wconf 81' lang='lat' dir='ltr'><strong>benedictus,</strong></span> <span class='ocrx_word' id='word_1_64' title='bbox 2664 1375 2791 1438; x_wconf 90' lang='lat' dir='ltr'><strong>hoc</strong></span> <span class='ocrx_word' id='word_1_65' title='bbox 2836 1385 2954 1451; x_wconf 88' lang='lat' dir='ltr'><strong>est,</strong></span> 
     </span>
     <span class='ocr_line' id='line_1_11' title="bbox 549 1470 2963 1560; baseline 0.004 -27"><span class='ocrx_word' id='word_1_66' title='bbox 549 1470 838 1535; x_wconf 86' lang='lat' dir='ltr'><strong>‘laudari</strong></span> <span class='ocrx_word' id='word_1_67' title='bbox 891 1484 960 1537; x_wconf 85' lang='lat' dir='ltr'><strong>et</strong></span> <span class='ocrx_word' id='word_1_68' title='bbox 1011 1475 1319 1539; x_wconf 83' lang='lat' dir='ltr'><strong>demirari</strong></span> <span class='ocrx_word' id='word_1_69' title='bbox 1374 1475 1651 1559; x_wconf 63' lang='lat' dir='ltr'><strong>dignus?</strong></span> <span class='ocrx_word' id='word_1_70' title='bbox 1741 1497 1898 1540; x_wconf 89' lang='lat' dir='ltr'><strong>nam</strong></span> <span class='ocrx_word' id='word_1_71' title='bbox 1939 1478 2120 1560; x_wconf 88' lang='lat' dir='ltr'><strong>quod</strong></span> <span class='ocrx_word' id='word_1_72' title='bbox 2162 1478 2377 1543; x_wconf 84' lang='lat' dir='ltr'><strong>dixit:</strong></span> <span class='ocrx_word' id='word_1_73' title='bbox 2422 1479 2603 1542; x_wconf 81' lang='lat' dir='ltr'><strong>Deus</strong></span> <span class='ocrx_word' id='word_1_74' title='bbox 2646 1489 2711 1543; x_wconf 84' lang='lat' dir='ltr'><strong>et</strong></span> <span class='ocrx_word' id='word_1_75' title='bbox 2755 1480 2963 1542; x_wconf 84' lang='lat' dir='ltr'><strong>Pater</strong></span> 
     </span>
     <span class='ocr_line' id='line_1_12' title="bbox 445 1573 2956 1663; baseline 0.003 -27"><span class='ocrx_word' id='word_1_76' title='bbox 445 1596 523 1644; x_wconf 91' lang='lat'><strong>10</strong></span> <span class='ocrx_word' id='word_1_77' title='bbox 545 1573 799 1638; x_wconf 83' lang='lat' dir='ltr'><strong>domini</strong></span> <span class='ocrx_word' id='word_1_78' title='bbox 846 1578 1056 1640; x_wconf 81' lang='lat' dir='ltr'><strong>nostri</strong></span> <span class='ocrx_word' id='word_1_79' title='bbox 1098 1576 1248 1641; x_wconf 86' lang='lat' dir='ltr'><strong>Iesu</strong></span> <span class='ocrx_word' id='word_1_80' title='bbox 1306 1577 1559 1659; x_wconf 74' lang='lat' dir='ltr'><strong>Christi</strong></span> <span class='ocrx_word' id='word_1_81' title='bbox 1599 1589 1862 1662; x_wconf 84' lang='lat' dir='ltr'><strong>poterat</strong></span> <span class='ocrx_word' id='word_1_82' title='bbox 1920 1581 2227 1663; x_wconf 87' lang='lat' dir='ltr'><strong>equidem</strong></span> <span class='ocrx_word' id='word_1_83' title='bbox 2283 1590 2351 1646; x_wconf 90' lang='lat' dir='ltr'><strong>et</strong></span> <span class='ocrx_word' id='word_1_84' title='bbox 2403 1582 2760 1663; x_wconf 85' lang='lat' dir='ltr'><strong>separatim</strong></span> <span class='ocrx_word' id='word_1_85' title='bbox 2807 1581 2956 1658; x_wconf 87' lang='lat' dir='ltr'><strong>dici,</strong></span> 
     </span>
     <span class='ocr_line' id='line_1_13' title="bbox 548 1675 2959 1763; baseline 0.004 -28"><span class='ocrx_word' id='word_1_86' title='bbox 548 1682 622 1738; x_wconf 84' lang='lat' dir='ltr'><strong>ut</strong></span> <span class='ocrx_word' id='word_1_87' title='bbox 651 1675 737 1739; x_wconf 86' lang='lat' dir='ltr'><strong>sit</strong></span> <span class='ocrx_word' id='word_1_88' title='bbox 767 1675 929 1740; x_wconf 90' lang='lat' dir='ltr'><strong>illud</strong></span> <span class='ocrx_word' id='word_1_89' title='bbox 967 1680 1146 1762; x_wconf 88' lang='lat' dir='ltr'><strong>quod</strong></span> <span class='ocrx_word' id='word_1_90' title='bbox 1187 1680 1363 1746; x_wconf 85' lang='lat' dir='ltr'><strong>dixit</strong></span> <span class='ocrx_word' id='word_1_91' title='bbox 1391 1681 1576 1745; x_wconf 82' lang='lat' dir='ltr'><strong>Deus</strong></span> <span class='ocrx_word' id='word_1_92' title='bbox 1610 1682 1985 1763; x_wconf 85' lang='lat' dir='ltr'><strong>separatim.</strong></span> <span class='ocrx_word' id='word_1_93' title='bbox 2075 1684 2463 1747; x_wconf 85' lang='lat' dir='ltr'><strong>continuata</strong></span> <span class='ocrx_word' id='word_1_94' title='bbox 2502 1704 2640 1746; x_wconf 85' lang='lat' dir='ltr'><strong>uox</strong></span> <span class='ocrx_word' id='word_1_95' title='bbox 2685 1683 2959 1746; x_wconf 91' lang='lat' dir='ltr'><strong>euidens</strong></span> 
     </span>
     <span class='ocr_line' id='line_1_14' title="bbox 547 1780 2960 1868; baseline 0.003 -29"><span class='ocrx_word' id='word_1_96' title='bbox 547 1786 665 1854; x_wconf 88' lang='lat' dir='ltr'><strong>est,</strong></span> <span class='ocrx_word' id='word_1_97' title='bbox 712 1787 780 1842; x_wconf 88' lang='lat' dir='ltr'><strong>et</strong></span> <span class='ocrx_word' id='word_1_98' title='bbox 823 1780 1128 1846; x_wconf 89' lang='lat' dir='ltr'><strong>absolute</strong></span> <span class='ocrx_word' id='word_1_99' title='bbox 1163 1793 1460 1865; x_wconf 83' lang='lat' dir='ltr'><strong>praestat</strong></span> <span class='ocrx_word' id='word_1_100' title='bbox 1505 1782 1979 1861; x_wconf 75' lang='lat' dir='ltr'><strong>intellectum,*</strong></span> <span class='ocrx_word' id='word_1_101' title='bbox 2027 1785 2198 1849; x_wconf 87' lang='lat' dir='ltr'><strong>sicut</strong></span> <span class='ocrx_word' id='word_1_102' title='bbox 2238 1795 2305 1848; x_wconf 86' lang='lat' dir='ltr'><strong>et</strong></span> <span class='ocrx_word' id='word_1_103' title='bbox 2346 1784 2507 1848; x_wconf 92' lang='lat' dir='ltr'><strong>illud</strong></span> <span class='ocrx_word' id='word_1_104' title='bbox 2540 1785 2722 1868; x_wconf 91' lang='lat' dir='ltr'><strong>quod</strong></span> <span class='ocrx_word' id='word_1_105' title='bbox 2754 1787 2960 1866; x_wconf 90' lang='lat' dir='ltr'><strong>scrip-</strong></span> 
     </span>
     <span class='ocr_line' id='line_1_15' title="bbox 545 1886 2957 1970; baseline 0.003 -26"><span class='ocrx_word' id='word_1_106' title='bbox 545 1891 688 1945; x_wconf 89' lang='lat' dir='ltr'><strong>tum</strong></span> <span class='ocrx_word' id='word_1_107' title='bbox 721 1894 858 1948; x_wconf 87' lang='lat' dir='ltr'><strong>est:</strong></span> <span class='ocrx_word' id='word_1_108' title='bbox 899 1896 962 1949; x_wconf 84' lang='lat' dir='ltr'><strong>et</strong></span> <span class='ocrx_word' id='word_1_109' title='bbox 970 1886 1140 1967; x_wconf 80' lang='lat' dir='ltr'><strong>fecit</strong></span> <span class='ocrx_word' id='word_1_110' title='bbox 1165 1886 1348 1949; x_wconf 85' lang='lat' dir='ltr'><strong>Deus</strong></span> <span class='ocrx_word' id='word_1_111' title='bbox 1362 1910 1394 1962; x_wconf 89' lang='lat'><strong>,·</strong></span> <span class='ocrx_word' id='word_1_112' title='bbox 1437 1898 1502 1951; x_wconf 84' lang='lat' dir='ltr'><strong>et</strong></span> <span class='ocrx_word' id='word_1_113' title='bbox 1526 1887 1701 1950; x_wconf 75' lang='lat' dir='ltr'><strong>dixit</strong></span> <span class='ocrx_word' id='word_1_114' title='bbox 1726 1887 1908 1950; x_wconf 85' lang='lat' dir='ltr'><strong>Deus</strong></span> <span class='ocrx_word' id='word_1_115' title='bbox 1923 1910 1954 1962; x_wconf 80' lang='lat'><strong>,·</strong></span> <span class='ocrx_word' id='word_1_116' title='bbox 2001 1897 2072 1950; x_wconf 91' lang='lat' dir='ltr'><strong>et</strong></span> <span class='ocrx_word' id='word_1_117' title='bbox 2100 1888 2154 1949; x_wconf 89' lang='lat' dir='ltr'><strong>si</strong></span> <span class='ocrx_word' id='word_1_118' title='bbox 2186 1909 2321 1970; x_wconf 86' lang='lat' dir='ltr'><strong>qua</strong></span> <span class='ocrx_word' id='word_1_119' title='bbox 2366 1888 2743 1952; x_wconf 86' lang='lat' dir='ltr'><strong>huiusmodi</strong></span> <span class='ocrx_word' id='word_1_120' title='bbox 2786 1898 2957 1952; x_wconf 86' lang='lat' dir='ltr'><strong>sunt.</strong></span> 
     </span>
    </p>
   </div>
   <div class='ocr_carea' id='block_1_6' title="bbox 441 2077 2960 2475">
    <p class='ocr_par' dir='ltr' id='par_1_6' title="bbox 675 2077 2960 2162">
     <span class='ocr_line' id='line_1_16' title="bbox 675 2077 2960 2162; baseline 0.001 -19"><span class='ocrx_word' id='word_1_121' title='bbox 675 2077 750 2143; x_wconf 83' lang='grc' dir='ltr'>τὸ</span> <span class='ocrx_word' id='word_1_122' title='bbox 781 2081 1116 2155; x_wconf 76' lang='grc' dir='ltr'><strong>εῨλοΓΗτόε</strong></span> <span class='ocrx_word' id='word_1_123' title='bbox 1148 2077 1294 2145; x_wconf 77' lang='grc' dir='ltr'>ἀντὶ</span> <span class='ocrx_word' id='word_1_124' title='bbox 1333 2083 1446 2146; x_wconf 84' lang='grc' dir='ltr'>τοῦ</span> <span class='ocrx_word' id='word_1_125' title='bbox 1486 2089 1503 2115; x_wconf 88' lang='lat'>‘</span> <span class='ocrx_word' id='word_1_126' title='bbox 1522 2079 1928 2145; x_wconf 81' lang='grc' dir='ltr'>ἐπαινεῖσθαι</span> <span class='ocrx_word' id='word_1_127' title='bbox 1972 2078 2080 2143; x_wconf 81' lang='grc' dir='ltr'><strong>καὶ</strong></span> <span class='ocrx_word' id='word_1_128' title='bbox 2126 2078 2565 2159; x_wconf 83' lang='grc' dir='ltr'>θαυμάζεσθαι</span> <span class='ocrx_word' id='word_1_129' title='bbox 2609 2079 2804 2162; x_wconf 78' lang='grc' dir='ltr'>ἄξιος·</span> <span class='ocrx_word' id='word_1_130' title='bbox 2822 2080 2838 2106; x_wconf 89' lang='grc'><strong><em>’</em></strong></span> <span class='ocrx_word' id='word_1_131' title='bbox 2883 2078 2960 2145; x_wconf 82' lang='grc' dir='ltr'>τὸ</span> 
     </span>
    </p>

    <p class='ocr_par' dir='ltr' id='par_1_7' title="bbox 441 2181 2958 2283">
     <span class='ocr_line' id='line_1_17' title="bbox 441 2181 2958 2283; baseline -0 -34"><span class='ocrx_word' id='word_1_132' title='bbox 441 2215 513 2283; x_wconf 78' lang='lat'><strong>15</strong></span> <span class='ocrx_word' id='word_1_133' title='bbox 542 2182 760 2267; x_wconf 83' lang='grc' dir='ltr'>μέντοι</span> <span class='ocrx_word' id='word_1_134' title='bbox 820 2187 855 2250; x_wconf 89' lang='grc' dir='ltr'>ὁ</span> <span class='ocrx_word' id='word_1_135' title='bbox 890 2188 1032 2252; x_wconf 71' lang='grc' dir='ltr'><strong>θεὸς</strong></span> <span class='ocrx_word' id='word_1_136' title='bbox 1067 2184 1155 2250; x_wconf 62' lang='grc' dir='ltr'><strong>καὶ</strong></span> <span class='ocrx_word' id='word_1_137' title='bbox 1188 2185 1390 2270; x_wconf 61' lang='grc' dir='ltr'>πατήρ</span> <span class='ocrx_word' id='word_1_138' title='bbox 1420 2188 1534 2260; x_wconf 63' lang='lat' dir='ltr'><strong>ro?</strong></span> <span class='ocrx_word' id='word_1_139' title='bbox 1565 2183 1768 2270; x_wconf 75' lang='grc' dir='ltr'>κγρίογ</span> <span class='ocrx_word' id='word_1_140' title='bbox 1803 2185 1990 2253; x_wconf 50' lang='lat' dir='ltr'><strong>aurbu</strong></span> <span class='ocrx_word' id='word_1_141' title='bbox 2023 2185 2216 2248; x_wconf 72' lang='grc' dir='ltr'><strong>Ἰκοοῦ</strong></span> <span class='ocrx_word' id='word_1_142' title='bbox 2248 2183 2499 2268; x_wconf 66' lang='grc' dir='ltr'>ΧΡιετοῨ</span> <span class='ocrx_word' id='word_1_143' title='bbox 2542 2181 2811 2248; x_wconf 82' lang='grc' dir='ltr'>δύναται</span> <span class='ocrx_word' id='word_1_144' title='bbox 2838 2185 2958 2263; x_wconf 85' lang='grc' dir='ltr'>μὲν</span> 
     </span>
    </p>

    <p class='ocr_par' dir='ltr' id='par_1_8' title="bbox 543 2279 2957 2475">
     <span class='ocr_line' id='line_1_18' title="bbox 544 2279 2957 2369; baseline -0.002 -20"><span class='ocrx_word' id='word_1_145' title='bbox 544 2286 652 2351; x_wconf 83' lang='grc' dir='ltr'><strong>καὶ</strong></span> <span class='ocrx_word' id='word_1_146' title='bbox 682 2284 1070 2369; x_wconf 70' lang='grc' dir='ltr'>διῃρημένους</span> <span class='ocrx_word' id='word_1_147' title='bbox 1092 2286 1424 2369; x_wconf 69' lang='grc' dir='ltr'>λέγεσθαι,</span> <span class='ocrx_word' id='word_1_148' title='bbox 1450 2282 1524 2349; x_wconf 80' lang='grc' dir='ltr'>ἵν’</span> <span class='ocrx_word' id='word_1_149' title='bbox 1557 2285 1598 2368; x_wconf 82' lang='grc' dir='ltr'><em>ᾖ</em></span> <span class='ocrx_word' id='word_1_150' title='bbox 1628 2282 1705 2349; x_wconf 84' lang='grc' dir='ltr'>τὸ</span> <span class='ocrx_word' id='word_1_151' title='bbox 1733 2284 1851 2364; x_wconf 85' lang='grc' dir='ltr'>μὲν</span> <span class='ocrx_word' id='word_1_152' title='bbox 1884 2284 2028 2349; x_wconf 76' lang='grc' dir='ltr'><strong>Θεόο</strong></span> <span class='ocrx_word' id='word_1_153' title='bbox 2058 2281 2231 2348; x_wconf 76' lang='grc' dir='ltr'>κατὰ</span> <span class='ocrx_word' id='word_1_154' title='bbox 2262 2280 2577 2366; x_wconf 81' lang='grc' dir='ltr'>διαίρεσιν</span> <span class='ocrx_word' id='word_1_155' title='bbox 2606 2279 2957 2350; x_wconf 73' lang='grc' dir='ltr'>ἀπολύτως</span> 
     </span>
     <span class='ocr_line' id='line_1_19' title="bbox 543 2384 1744 2475; baseline -0.002 -24"><span class='ocrx_word' id='word_1_156' title='bbox 543 2386 891 2468; x_wconf 81' lang='grc' dir='ltr'>νοούμενον,</span> <span class='ocrx_word' id='word_1_157' title='bbox 923 2387 996 2452; x_wconf 81' lang='grc' dir='ltr'>τὸ</span> <span class='ocrx_word' id='word_1_158' title='bbox 1027 2386 1099 2453; x_wconf 85' lang='grc' dir='ltr'><strong>δὲ</strong></span> <span class='ocrx_word' id='word_1_159' title='bbox 1129 2389 1330 2475; x_wconf 60' lang='grc' dir='ltr'>πατήρ</span> <span class='ocrx_word' id='word_1_160' title='bbox 1362 2384 1505 2452; x_wconf 81' lang='grc' dir='ltr'>καθ’</span> <span class='ocrx_word' id='word_1_161' title='bbox 1538 2384 1744 2452; x_wconf 83' lang='grc' dir='ltr'>ἑαυτό.</span> 
     </span>
    </p>
   </div>
   <div class='ocr_carea' id='block_1_7' title="bbox 2588 2535 2957 2762">
    <p class='ocr_par' dir='ltr' id='par_1_9' title="bbox 2588 2535 2957 2762">
     <span class='ocr_line' id='line_1_20' title="bbox 2746 2535 2953 2584; baseline 0 -1"><span class='ocrx_word' id='word_1_162' title='bbox 2746 2537 2776 2583; x_wconf 91' lang='grc'>8</span> <span class='ocrx_word' id='word_1_163' title='bbox 2812 2535 2953 2584; x_wconf 87' lang='lat' dir='ltr'><strong>Deus</strong></span> 
     </span>
     <span class='ocr_line' id='line_1_21' title="bbox 2702 2615 2956 2678; baseline 0 -15"><span class='ocrx_word' id='word_1_164' title='bbox 2702 2630 2760 2678; x_wconf 85' lang='lat'><strong>14</strong></span> <span class='ocrx_word' id='word_1_165' title='bbox 2796 2615 2956 2665; x_wconf 89' lang='lat' dir='ltr'><strong>Coisl.</strong></span> 
     </span>
     <span class='ocr_line' id='line_1_22' title="bbox 2588 2700 2957 2762; baseline -0.005 -13"><span class='ocrx_word' id='word_1_166' title='bbox 2588 2715 2643 2762; x_wconf 82' lang='lat'><strong>15</strong></span> <span class='ocrx_word' id='word_1_167' title='bbox 2680 2700 2877 2747; x_wconf 79' lang='grc' dir='ltr'>δύναται</span> <span class='ocrx_word' id='word_1_168' title='bbox 2899 2715 2957 2747; x_wconf 82' lang='grc' dir='ltr'>το</span> 
     </span>
    </p>
   </div>
   <div class='ocr_carea' id='block_1_8' title="bbox 542 2536 2603 2689">
    <p class='ocr_par' dir='ltr' id='par_1_10' title="bbox 542 2536 2603 2689">
     <span class='ocr_line' id='line_1_23' title="bbox 644 2536 2603 2615; baseline -0.003 -25"><span class='ocrx_word' id='word_1_169' title='bbox 644 2556 666 2590; x_wconf 89' lang='lat'>1</span> <span class='ocrx_word' id='word_1_170' title='bbox 703 2540 826 2590; x_wconf 84' lang='lat' dir='ltr'><strong>haec</strong></span> <span class='ocrx_word' id='word_1_171' title='bbox 851 2541 962 2605; x_wconf 82' lang='lat' dir='ltr'><strong>(sor</strong></span> <span class='ocrx_word' id='word_1_172' title='bbox 981 2540 1033 2590; x_wconf 89' lang='lat' dir='ltr'><strong>in</strong></span> <span class='ocrx_word' id='word_1_173' title='bbox 1054 2541 1150 2601; x_wconf 86' lang='lat' dir='ltr'><strong>his)</strong></span> <span class='ocrx_word' id='word_1_174' title='bbox 1178 2542 1224 2590; x_wconf 93' lang='lat' dir='ltr'><em>C</em></span> <span class='ocrx_word' id='word_1_175' title='bbox 1242 2542 1390 2602; x_wconf 80' lang='lat' dir='ltr'><strong>(corr)</strong></span> <span class='ocrx_word' id='word_1_176' title='bbox 1555 2560 1587 2603; x_wconf 85' lang='lat'>4</span> <span class='ocrx_word' id='word_1_177' title='bbox 1619 2540 1841 2590; x_wconf 74' lang='lat' dir='ltr'><strong>actiones</strong></span> <span class='ocrx_word' id='word_1_178' title='bbox 1868 2540 1977 2590; x_wconf 82' lang='lat' dir='ltr'><strong>CH</strong></span> <span class='ocrx_word' id='word_1_179' title='bbox 2118 2536 2150 2588; x_wconf 93' lang='lat'><strong>6</strong></span> <span class='ocrx_word' id='word_1_180' title='bbox 2184 2537 2419 2604; x_wconf 79' lang='lat' dir='ltr'><strong>praestita</strong></span> <span class='ocrx_word' id='word_1_181' title='bbox 2440 2543 2515 2615; x_wconf 73' lang='lat' dir='ltr'><strong>est</strong></span> <span class='ocrx_word' id='word_1_182' title='bbox 2538 2536 2603 2585; x_wconf 84' lang='lat' dir='ltr'><em>H</em></span> 
     </span>
     <span class='ocr_line' id='line_1_24' title="bbox 542 2618 2559 2689; baseline -0.001 -19"><span class='ocrx_word' id='word_1_183' title='bbox 542 2621 639 2685; x_wconf 82' lang='lat' dir='ltr'><strong>(ast</strong></span> <span class='ocrx_word' id='word_1_184' title='bbox 659 2622 863 2684; x_wconf 88' lang='lat' dir='ltr'><strong>bened.)</strong></span> <span class='ocrx_word' id='word_1_185' title='bbox 886 2622 992 2670; x_wconf 80' lang='lat' dir='ltr'><strong>add</strong></span> <span class='ocrx_word' id='word_1_186' title='bbox 1006 2623 1074 2672; x_wconf 86' lang='lat' dir='ltr'><em>H</em></span> <span class='ocrx_word' id='word_1_187' title='bbox 1227 2637 1264 2689; x_wconf 83' lang='lat'>9</span> <span class='ocrx_word' id='word_1_188' title='bbox 1292 2622 1496 2672; x_wconf 84' lang='lat' dir='ltr'><strong>laudare</strong></span> <span class='ocrx_word' id='word_1_189' title='bbox 1523 2622 1633 2671; x_wconf 86' lang='lat' dir='ltr'><strong>CH</strong></span> <span class='ocrx_word' id='word_1_190' title='bbox 1779 2636 1835 2685; x_wconf 84' lang='lat'><strong>¹3</strong></span> <span class='ocrx_word' id='word_1_191' title='bbox 1869 2627 1920 2670; x_wconf 90' lang='lat' dir='ltr'><strong>et</strong></span> <span class='ocrx_word' id='word_1_192' title='bbox 1941 2620 2068 2670; x_wconf 86' lang='lat' dir='ltr'><strong>dixit</strong></span> <span class='ocrx_word' id='word_1_193' title='bbox 2090 2621 2159 2669; x_wconf 85' lang='lat' dir='ltr'><strong>D.</strong></span> <span class='ocrx_word' id='word_1_194' title='bbox 2184 2626 2234 2669; x_wconf 90' lang='lat' dir='ltr'><strong>et</strong></span> <span class='ocrx_word' id='word_1_195' title='bbox 2257 2620 2371 2668; x_wconf 80' lang='lat' dir='ltr'><strong>fecit</strong></span> <span class='ocrx_word' id='word_1_196' title='bbox 2397 2619 2461 2668; x_wconf 91' lang='lat' dir='ltr'><strong>D.</strong></span> <span class='ocrx_word' id='word_1_197' title='bbox 2492 2618 2559 2668; x_wconf 88' lang='lat' dir='ltr'><em>H</em></span> 
     </span>
    </p>
   </div>
   <div class='ocr_carea' id='block_1_9' title="bbox 540 2700 2432 2847">
    <p class='ocr_par' dir='ltr' id='par_1_11' title="bbox 540 2700 2432 2847">
     <span class='ocr_line' id='line_1_25' title="bbox 542 2700 2432 2768; baseline -0.003 -17"><span class='ocrx_word' id='word_1_198' title='bbox 542 2718 653 2764; x_wconf 82' lang='lat'><strong>204,</strong></span> <span class='ocrx_word' id='word_1_199' title='bbox 682 2701 713 2752; x_wconf 81' lang='lat' dir='ltr'><strong>f.</strong></span> <span class='ocrx_word' id='word_1_200' title='bbox 745 2717 809 2768; x_wconf 85' lang='lat'><strong>49</strong></span> <span class='ocrx_word' id='word_1_201' title='bbox 831 2704 866 2752; x_wconf 92' lang='lat' dir='ltr'>b</span> <span class='ocrx_word' id='word_1_202' title='bbox 888 2704 994 2766; x_wconf 90' lang='lat' dir='ltr'><strong>[Cr.</strong></span> <span class='ocrx_word' id='word_1_203' title='bbox 1019 2704 1085 2753; x_wconf 74' lang='lat' dir='ltr'><strong>vi.</strong></span> <span class='ocrx_word' id='word_1_204' title='bbox 1119 2718 1234 2767; x_wconf 76' lang='lat'>104.</span> <span class='ocrx_word' id='word_1_205' title='bbox 1254 2704 1338 2755; x_wconf 89' lang='lat' dir='ltr'><strong>Fr.</strong></span> <span class='ocrx_word' id='word_1_206' title='bbox 1369 2704 1480 2767; x_wconf 82' lang='lat'>131]</span> <span class='ocrx_word' id='word_1_207' title='bbox 1505 2703 1733 2764; x_wconf 80' lang='grc' dir='ltr'>θεόδωρος</span> <span class='ocrx_word' id='word_1_208' title='bbox 1763 2703 1814 2752; x_wconf 82' lang='grc' dir='ltr'><strong>δέ</strong></span> <span class='ocrx_word' id='word_1_209' title='bbox 1844 2709 1994 2764; x_wconf 87' lang='grc' dir='ltr'>φησιν</span> <span class='ocrx_word' id='word_1_210' title='bbox 2014 2700 2072 2750; x_wconf 76' lang='grc' dir='ltr'>τὸ</span> <span class='ocrx_word' id='word_1_211' title='bbox 2095 2700 2259 2764; x_wconf 76' lang='grc' dir='ltr'>εὐλογ.</span> <span class='ocrx_word' id='word_1_212' title='bbox 2283 2702 2432 2750; x_wconf 80' lang='grc' dir='ltr'>κ.τ.λ.</span> 
     </span>
     <span class='ocr_line' id='line_1_26' title="bbox 540 2784 1904 2847; baseline -0.001 -14"><span class='ocrx_word' id='word_1_213' title='bbox 540 2785 629 2842; x_wconf 79' lang='grc' dir='ltr'>μὲν</span> <span class='ocrx_word' id='word_1_214' title='bbox 652 2784 756 2847; x_wconf 83' lang='lat' dir='ltr'><strong>(sic)</strong></span> <span class='ocrx_word' id='word_1_215' title='bbox 780 2785 910 2845; x_wconf 68' lang='lat' dir='ltr'><strong>cod„</strong></span> <span class='ocrx_word' id='word_1_216' title='bbox 939 2786 1135 2834; x_wconf 82' lang='grc' dir='ltr'>δύναται</span> <span class='ocrx_word' id='word_1_217' title='bbox 1163 2787 1220 2835; x_wconf 80' lang='grc' dir='ltr'>τὸ</span> <span class='ocrx_word' id='word_1_218' title='bbox 1248 2786 1336 2845; x_wconf 76' lang='grc' dir='ltr'>μὲν</span> <span class='ocrx_word' id='word_1_219' title='bbox 1358 2785 1441 2835; x_wconf 88' lang='lat' dir='ltr'><strong>Cr.</strong></span> <span class='ocrx_word' id='word_1_220' title='bbox 1463 2802 1479 2845; x_wconf 85' lang='lat'>;</span> <span class='ocrx_word' id='word_1_221' title='bbox 1519 2784 1606 2833; x_wconf 81' lang='lat' dir='ltr'><strong>Fr.</strong></span> <span class='ocrx_word' id='word_1_222' title='bbox 1630 2801 1685 2834; x_wconf 82' lang='lat' dir='ltr'><strong>as</strong></span> <span class='ocrx_word' id='word_1_223' title='bbox 1707 2785 1761 2832; x_wconf 88' lang='lat' dir='ltr'><strong>in</strong></span> <span class='ocrx_word' id='word_1_224' title='bbox 1784 2791 1904 2833; x_wconf 84' lang='lat' dir='ltr'><strong>text.</strong></span> 
     </span>
    </p>
   </div>
   <div class='ocr_carea' id='block_1_10' title="bbox 540 2924 1709 4542">
    <p class='ocr_par' dir='ltr' id='par_1_12' title="bbox 540 2924 1700 3645">
     <span class='ocr_line' id='line_1_27' title="bbox 543 2924 1695 2988; baseline 0.002 -15"><span class='ocrx_word' id='word_1_225' title='bbox 543 2925 715 2988; x_wconf 72' lang='grc' dir='ltr'>σάρκα,</span> <span class='ocrx_word' id='word_1_226' title='bbox 757 2926 884 2974; x_wconf 76' lang='grc' dir='ltr'>κατὰ</span> <span class='ocrx_word' id='word_1_227' title='bbox 919 2926 1222 2986; x_wconf 70' lang='grc' dir='ltr'>πνεῦμα-ἐξ</span> <span class='ocrx_word' id='word_1_228' title='bbox 1253 2924 1558 2976; x_wconf 75' lang='grc' dir='ltr'>ἀναστάσεως</span> <span class='ocrx_word' id='word_1_229' title='bbox 1590 2943 1695 2975; x_wconf 76' lang='grc' dir='ltr'>νεκ-</span> 
     </span>
     <span class='ocr_line' id='line_1_28' title="bbox 540 3004 1695 3071; baseline 0 -18"><span class='ocrx_word' id='word_1_230' title='bbox 540 3005 764 3066; x_wconf 78' lang='grc' dir='ltr'>ρῶν-δι’</span> <span class='ocrx_word' id='word_1_231' title='bbox 805 3004 859 3056; x_wconf 80' lang='grc' dir='ltr'><strong>οὗ</strong></span> <span class='ocrx_word' id='word_1_232' title='bbox 893 3005 1132 3068; x_wconf 73' lang='grc' dir='ltr'>ἐλάβομεν</span> <span class='ocrx_word' id='word_1_233' title='bbox 1169 3006 1444 3071; x_wconf 79' lang='grc' dir='ltr'>χάριν-είς</span> <span class='ocrx_word' id='word_1_234' title='bbox 1481 3004 1695 3065; x_wconf 73' lang='grc' dir='ltr'>ὑπακοὴν</span> 
     </span>
     <span class='ocr_line' id='line_1_29' title="bbox 542 3087 1698 3147; baseline 0.002 -11"><span class='ocrx_word' id='word_1_235' title='bbox 542 3092 752 3138; x_wconf 80' lang='grc' dir='ltr'>πίστεως</span> <span class='ocrx_word' id='word_1_236' title='bbox 786 3091 837 3138; x_wconf 80' lang='grc' dir='ltr'>ἐν</span> <span class='ocrx_word' id='word_1_237' title='bbox 874 3087 1025 3138; x_wconf 74' lang='grc' dir='ltr'>πᾶσιν</span> <span class='ocrx_word' id='word_1_238' title='bbox 1066 3092 1167 3139; x_wconf 86' lang='grc' dir='ltr'>τοῖς</span> <span class='ocrx_word' id='word_1_239' title='bbox 1203 3091 1529 3139; x_wconf 81' lang='grc' dir='ltr'>ἔθνεσιν-καὶ</span> <span class='ocrx_word' id='word_1_240' title='bbox 1570 3088 1698 3147; x_wconf 73' lang='grc' dir='ltr'>ὑμεῖς</span> 
     </span>
     <span class='ocr_line' id='line_1_30' title="bbox 544 3169 1700 3236; baseline 0.002 -17"><span class='ocrx_word' id='word_1_241' title='bbox 544 3169 748 3234; x_wconf 84' lang='grc' dir='ltr'>κλητοί).</span> <span class='ocrx_word' id='word_1_242' title='bbox 821 3173 986 3220; x_wconf 90' lang='lat' dir='ltr'><strong>There</strong></span> <span class='ocrx_word' id='word_1_243' title='bbox 1017 3171 1101 3220; x_wconf 90' lang='lat' dir='ltr'><strong>the</strong></span> <span class='ocrx_word' id='word_1_244' title='bbox 1129 3173 1230 3235; x_wconf 88' lang='lat' dir='ltr'><strong>Ap.</strong></span> <span class='ocrx_word' id='word_1_245' title='bbox 1256 3172 1298 3221; x_wconf 86' lang='lat' dir='ltr'><strong>is</strong></span> <span class='ocrx_word' id='word_1_246' title='bbox 1320 3172 1518 3236; x_wconf 85' lang='lat' dir='ltr'><strong>writing</strong></span> <span class='ocrx_word' id='word_1_247' title='bbox 1538 3172 1590 3220; x_wconf 88' lang='lat' dir='ltr'><strong>in</strong></span> <span class='ocrx_word' id='word_1_248' title='bbox 1614 3173 1700 3222; x_wconf 88' lang='lat' dir='ltr'><strong>the</strong></span> 
     </span>
     <span class='ocr_line' id='line_1_31' title="bbox 543 3251 1692 3318; baseline 0.002 -18"><span class='ocrx_word' id='word_1_249' title='bbox 543 3269 778 3317; x_wconf 85' lang='lat' dir='ltr'><strong>presence</strong></span> <span class='ocrx_word' id='word_1_250' title='bbox 801 3251 859 3301; x_wconf 86' lang='lat' dir='ltr'><strong>of</strong></span> <span class='ocrx_word' id='word_1_251' title='bbox 872 3252 1174 3301; x_wconf 55' lang='lat' dir='ltr'><strong>adversaries</strong></span> <span class='ocrx_word' id='word_1_252' title='bbox 1195 3251 1294 3316; x_wconf 89' lang='lat' dir='ltr'><strong>(see</strong></span> <span class='ocrx_word' id='word_1_253' title='bbox 1316 3254 1490 3312; x_wconf 86' lang='lat' dir='ltr'><strong>above,</strong></span> <span class='ocrx_word' id='word_1_254' title='bbox 1512 3269 1567 3318; x_wconf 79' lang='lat' dir='ltr'><strong>p.</strong></span> <span class='ocrx_word' id='word_1_255' title='bbox 1587 3269 1692 3317; x_wconf 78' lang='lat'><strong>113,</strong></span> 
     </span>
     <span class='ocr_line' id='line_1_32' title="bbox 544 3331 1698 3397; baseline 0.003 -16"><span class='ocrx_word' id='word_1_256' title='bbox 544 3334 578 3381; x_wconf 89' lang='lat'><strong>1.</strong></span> <span class='ocrx_word' id='word_1_257' title='bbox 611 3349 682 3396; x_wconf 82' lang='lat'><strong>13,</strong></span> <span class='ocrx_word' id='word_1_258' title='bbox 713 3331 873 3397; x_wconf 86' lang='lat' dir='ltr'><strong>note);</strong></span> <span class='ocrx_word' id='word_1_259' title='bbox 927 3334 1044 3383; x_wconf 90' lang='lat' dir='ltr'><strong>here</strong></span> <span class='ocrx_word' id='word_1_260' title='bbox 1083 3334 1148 3383; x_wconf 88' lang='lat' dir='ltr'><strong>he</strong></span> <span class='ocrx_word' id='word_1_261' title='bbox 1192 3335 1234 3382; x_wconf 91' lang='lat' dir='ltr'><strong>is</strong></span> <span class='ocrx_word' id='word_1_262' title='bbox 1277 3335 1379 3384; x_wconf 88' lang='lat' dir='ltr'><strong>sree</strong></span> <span class='ocrx_word' id='word_1_263' title='bbox 1421 3334 1548 3382; x_wconf 86' lang='lat' dir='ltr'><strong>from</strong></span> <span class='ocrx_word' id='word_1_264' title='bbox 1599 3335 1698 3385; x_wconf 85' lang='lat' dir='ltr'><strong>this</strong></span> 
     </span>
     <span class='ocr_line' id='line_1_33' title="bbox 542 3415 1698 3480; baseline 0.001 -15"><span class='ocrx_word' id='word_1_265' title='bbox 542 3416 830 3471; x_wconf 82' lang='lat' dir='ltr'><strong>constraint‚</strong></span> <span class='ocrx_word' id='word_1_266' title='bbox 854 3416 952 3464; x_wconf 88' lang='lat' dir='ltr'><strong>and</strong></span> <span class='ocrx_word' id='word_1_267' title='bbox 975 3416 1053 3465; x_wconf 88' lang='lat' dir='ltr'><strong>his</strong></span> <span class='ocrx_word' id='word_1_268' title='bbox 1073 3415 1213 3464; x_wconf 87' lang='lat' dir='ltr'><strong>heart</strong></span> <span class='ocrx_word' id='word_1_269' title='bbox 1234 3432 1385 3480; x_wconf 88' lang='lat' dir='ltr'><strong>pours</strong></span> <span class='ocrx_word' id='word_1_270' title='bbox 1409 3416 1546 3466; x_wconf 82' lang='lat' dir='ltr'><strong>itself</strong></span> <span class='ocrx_word' id='word_1_271' title='bbox 1569 3418 1698 3466; x_wconf 85' lang='lat' dir='ltr'><strong>forth</strong></span> 
     </span>
     <span class='ocr_line' id='line_1_34' title="bbox 543 3497 1699 3563; baseline 0.002 -17"><span class='ocrx_word' id='word_1_272' title='bbox 543 3507 593 3547; x_wconf 87' lang='lat' dir='ltr'><strong>at</strong></span> <span class='ocrx_word' id='word_1_273' title='bbox 617 3513 741 3546; x_wconf 88' lang='lat' dir='ltr'><strong>once</strong></span> <span class='ocrx_word' id='word_1_274' title='bbox 764 3497 816 3547; x_wconf 89' lang='lat' dir='ltr'><strong>in</strong></span> <span class='ocrx_word' id='word_1_275' title='bbox 840 3497 925 3546; x_wconf 88' lang='lat' dir='ltr'><strong>the</strong></span> <span class='ocrx_word' id='word_1_276' title='bbox 946 3499 1138 3546; x_wconf 79' lang='lat' dir='ltr'><strong>natural</strong></span> <span class='ocrx_word' id='word_1_277' title='bbox 1163 3499 1404 3563; x_wconf 81' lang='lat' dir='ltr'><strong>Ianguage</strong></span> <span class='ocrx_word' id='word_1_278' title='bbox 1421 3499 1478 3548; x_wconf 82' lang='lat' dir='ltr'><strong>os</strong></span> <span class='ocrx_word' id='word_1_279' title='bbox 1496 3499 1699 3549; x_wconf 75' lang='lat' dir='ltr'><strong>thanks·</strong></span> 
     </span>
     <span class='ocr_line' id='line_1_35' title="bbox 541 3580 730 3645; baseline -0.011 -16"><span class='ocrx_word' id='word_1_280' title='bbox 541 3580 730 3645; x_wconf 87' lang='lat' dir='ltr'><strong>giving.</strong></span> 
     </span>
    </p>

    <p class='ocr_par' dir='ltr' id='par_1_13' title="bbox 545 3660 1709 4290">
     <span class='ocr_line' id='line_1_36' title="bbox 611 3660 1699 3724; baseline 0.006 -17"><span class='ocrx_word' id='word_1_281' title='bbox 611 3680 654 3722; x_wconf 85' lang='lat'><strong>4.</strong></span> <span class='ocrx_word' id='word_1_282' title='bbox 691 3660 926 3724; x_wconf 79' lang='lat' dir='ltr'><strong>quoniam</strong></span> <span class='ocrx_word' id='word_1_283' title='bbox 942 3663 1245 3724; x_wconf 75' lang='lat' dir='ltr'><strong>gratiarum,</strong></span> <span class='ocrx_word' id='word_1_284' title='bbox 1264 3662 1380 3724; x_wconf 64' lang='grc' dir='ltr'><strong>δια]</strong></span> <span class='ocrx_word' id='word_1_285' title='bbox 1406 3664 1499 3713; x_wconf 88' lang='lat' dir='ltr'><strong>See</strong></span> <span class='ocrx_word' id='word_1_286' title='bbox 1522 3664 1699 3720; x_wconf 84' lang='lat' dir='ltr'><strong>above,</strong></span> 
     </span>
     <span class='ocr_line' id='line_1_37' title="bbox 546 3741 1702 3809; baseline 0.003 -19"><span class='ocrx_word' id='word_1_287' title='bbox 546 3759 594 3807; x_wconf 91' lang='lat' dir='ltr'><strong>p.</strong></span> <span class='ocrx_word' id='word_1_288' title='bbox 643 3758 747 3806; x_wconf 85' lang='lat'><strong>113,</strong></span> <span class='ocrx_word' id='word_1_289' title='bbox 797 3741 830 3790; x_wconf 92' lang='lat' dir='ltr'><strong>l.</strong></span> <span class='ocrx_word' id='word_1_290' title='bbox 874 3756 950 3805; x_wconf 81' lang='lat'><strong>23,</strong></span> <span class='ocrx_word' id='word_1_291' title='bbox 996 3751 1148 3804; x_wconf 81' lang='lat' dir='ltr'><strong>note3</strong></span> <span class='ocrx_word' id='word_1_292' title='bbox 1194 3743 1295 3793; x_wconf 82' lang='lat' dir='ltr'><strong>and</strong></span> <span class='ocrx_word' id='word_1_293' title='bbox 1345 3760 1509 3809; x_wconf 88' lang='lat' dir='ltr'><strong>comp.</strong></span> <span class='ocrx_word' id='word_1_294' title='bbox 1556 3743 1702 3795; x_wconf 74' lang='lat' dir='ltr'><strong>&#39;Th-’s</strong></span> 
     </span>
     <span class='ocr_line' id='line_1_38' title="bbox 545 3824 1704 3886; baseline 0.002 -13"><span class='ocrx_word' id='word_1_295' title='bbox 545 3839 728 3873; x_wconf 89' lang='lat' dir='ltr'><strong>comm.</strong></span> <span class='ocrx_word' id='word_1_296' title='bbox 769 3839 835 3871; x_wconf 91' lang='lat' dir='ltr'><strong>on</strong></span> <span class='ocrx_word' id='word_1_297' title='bbox 884 3824 1032 3871; x_wconf 90' lang='lat' dir='ltr'><strong>Rom.</strong></span> <span class='ocrx_word' id='word_1_298' title='bbox 1071 3825 1102 3873; x_wconf 84' lang='lat' dir='ltr'><strong>i.</strong></span> <span class='ocrx_word' id='word_1_299' title='bbox 1150 3828 1214 3875; x_wconf 86' lang='lat'><strong>8:</strong></span> <span class='ocrx_word' id='word_1_300' title='bbox 1260 3826 1482 3886; x_wconf 84' lang='grc' dir='ltr'>φαίνεται</span> <span class='ocrx_word' id='word_1_301' title='bbox 1529 3828 1607 3874; x_wconf 75' lang='grc' dir='ltr'><strong>καὶ</strong></span> <span class='ocrx_word' id='word_1_302' title='bbox 1653 3829 1704 3875; x_wconf 78' lang='grc' dir='ltr'>ἐν</span> 
     </span>
     <span class='ocr_line' id='line_1_39' title="bbox 545 3903 1703 3967; baseline 0.003 -15"><span class='ocrx_word' id='word_1_303' title='bbox 545 3905 730 3965; x_wconf 76' lang='grc' dir='ltr'>ἑτέραις</span> <span class='ocrx_word' id='word_1_304' title='bbox 782 3905 879 3952; x_wconf 84' lang='grc' dir='ltr'><strong>τῶν</strong></span> <span class='ocrx_word' id='word_1_305' title='bbox 931 3903 1199 3953; x_wconf 75' lang='grc' dir='ltr'>ἐπιστολῶν</span> <span class='ocrx_word' id='word_1_306' title='bbox 1260 3904 1345 3954; x_wconf 71' lang='grc' dir='ltr'><strong>ἀπ’</strong></span> <span class='ocrx_word' id='word_1_307' title='bbox 1398 3908 1703 3967; x_wconf 74' lang='grc' dir='ltr'>εὐχαριστίας</span> 
     </span>
     <span class='ocr_line' id='line_1_40' title="bbox 549 3984 1706 4047; baseline 0.001 -12"><span class='ocrx_word' id='word_1_308' title='bbox 549 3985 811 4046; x_wconf 77' lang='grc' dir='ltr'>ἀρχόμενος</span> <span class='ocrx_word' id='word_1_309' title='bbox 856 3986 1053 4036; x_wconf 72' lang='grc' dir='ltr'>ἐκείνους</span> <span class='ocrx_word' id='word_1_310' title='bbox 1096 3984 1213 4047; x_wconf 72' lang='grc' dir='ltr'>πρὸς</span> <span class='ocrx_word' id='word_1_311' title='bbox 1262 3986 1340 4036; x_wconf 74' lang='grc' dir='ltr'><strong>οὓς</strong></span> <span class='ocrx_word' id='word_1_312' title='bbox 1395 3990 1601 4035; x_wconf 77' lang='grc' dir='ltr'>ποιεῖται</span> <span class='ocrx_word' id='word_1_313' title='bbox 1646 3988 1706 4036; x_wconf 81' lang='grc' dir='ltr'><em>τό</em></span> 
     </span>
     <span class='ocr_line' id='line_1_41' title="bbox 546 4063 1700 4130; baseline 0.001 -15"><span class='ocrx_word' id='word_1_314' title='bbox 546 4065 749 4130; x_wconf 69' lang='grc' dir='ltr'>’γράμμα</span> <span class='ocrx_word' id='word_1_315' title='bbox 782 4066 1018 4116; x_wconf 78' lang='grc' dir='ltr'>διδάσκων</span> <span class='ocrx_word' id='word_1_316' title='bbox 1050 4065 1228 4117; x_wconf 75' lang='grc' dir='ltr'>παντὸς</span> <span class='ocrx_word' id='word_1_317' title='bbox 1253 4063 1404 4130; x_wconf 77' lang='grc' dir='ltr'>λόγου</span> <span class='ocrx_word' id='word_1_318' title='bbox 1435 4071 1511 4117; x_wconf 82' lang='grc' dir='ltr'><strong>καὶ</strong></span> <span class='ocrx_word' id='word_1_319' title='bbox 1544 4068 1700 4130; x_wconf 79' lang='grc' dir='ltr'>πράγ-</span> 
     </span>
     <span class='ocr_line' id='line_1_42' title="bbox 548 4148 1709 4214; baseline 0.003 -18"><span class='ocrx_word' id='word_1_320' title='bbox 548 4168 699 4208; x_wconf 81' lang='grc' dir='ltr'>ματος</span> <span class='ocrx_word' id='word_1_321' title='bbox 751 4148 846 4200; x_wconf 75' lang='grc' dir='ltr'><strong>ἀπὸ</strong></span> <span class='ocrx_word' id='word_1_322' title='bbox 906 4153 1212 4212; x_wconf 73' lang='grc' dir='ltr'>εὐχαριστίας</span> <span class='ocrx_word' id='word_1_323' title='bbox 1270 4151 1584 4214; x_wconf 72' lang='grc' dir='ltr'>ἀπάρχεσθαι</span> <span class='ocrx_word' id='word_1_324' title='bbox 1637 4149 1709 4213; x_wconf 81' lang='grc' dir='ltr'>τῷ</span> 
     </span>
     <span class='ocr_line' id='line_1_43' title="bbox 549 4233 655 4290; baseline 0.009 -12"><span class='ocrx_word' id='word_1_325' title='bbox 549 4233 655 4290; x_wconf 75' lang='grc' dir='ltr'>θεῷ.</span> 
     </span>
    </p>

    <p class='ocr_par' dir='ltr' id='par_1_14' title="bbox 550 4313 1707 4542">
     <span class='ocr_line' id='line_1_44' title="bbox 622 4313 1703 4378; baseline 0.005 -19"><span class='ocrx_word' id='word_1_326' title='bbox 622 4327 638 4359; x_wconf 83' lang='lat'>1</span> <span class='ocrx_word' id='word_1_327' title='bbox 654 4328 695 4361; x_wconf 85' lang='lat'><strong>1.</strong></span> <span class='ocrx_word' id='word_1_328' title='bbox 728 4313 1013 4361; x_wconf 81' lang='lat' dir='ltr'><strong>continuata</strong></span> <span class='ocrx_word' id='word_1_329' title='bbox 1030 4314 1274 4375; x_wconf 82' lang='lat' dir='ltr'><strong>uox‚&amp;c.]</strong></span> <span class='ocrx_word' id='word_1_330' title='bbox 1310 4314 1488 4378; x_wconf 88' lang='lat' dir='ltr'><strong>Comp.</strong></span> <span class='ocrx_word' id='word_1_331' title='bbox 1506 4314 1589 4364; x_wconf 88' lang='lat' dir='ltr'><strong>the</strong></span> <span class='ocrx_word' id='word_1_332' title='bbox 1604 4315 1703 4364; x_wconf 88' lang='lat' dir='ltr'><strong>Gk.</strong></span> 
     </span>
     <span class='ocr_line' id='line_1_45' title="bbox 551 4395 1707 4448; baseline 0.007 -7"><span class='ocrx_word' id='word_1_333' title='bbox 551 4395 660 4442; x_wconf 88' lang='lat' dir='ltr'><strong>The</strong></span> <span class='ocrx_word' id='word_1_334' title='bbox 684 4411 824 4444; x_wconf 87' lang='lat' dir='ltr'><strong>sense</strong></span> <span class='ocrx_word' id='word_1_335' title='bbox 859 4411 1016 4444; x_wconf 88' lang='lat' dir='ltr'><strong>seems</strong></span> <span class='ocrx_word' id='word_1_336' title='bbox 1050 4405 1102 4446; x_wconf 92' lang='lat' dir='ltr'><strong>to</strong></span> <span class='ocrx_word' id='word_1_337' title='bbox 1136 4399 1227 4446; x_wconf 89' lang='lat' dir='ltr'><strong>be:</strong></span> <span class='ocrx_word' id='word_1_338' title='bbox 1268 4398 1404 4447; x_wconf 87' lang='lat' dir='ltr'><strong>‘The</strong></span> <span class='ocrx_word' id='word_1_339' title='bbox 1434 4399 1570 4447; x_wconf 84' lang='lat' dir='ltr'><strong>word</strong></span> <span class='ocrx_word' id='word_1_340' title='bbox 1600 4397 1707 4448; x_wconf 86' lang='grc' dir='ltr'>θεός</span> 
     </span>
     <span class='ocr_line' id='line_1_46' title="bbox 550 4474 1702 4542; baseline 0.005 -21"><span class='ocrx_word' id='word_1_341' title='bbox 550 4474 732 4537; x_wconf 83' lang='lat' dir='ltr'><strong>clearly</strong></span> <span class='ocrx_word' id='word_1_342' title='bbox 754 4490 868 4537; x_wconf 82' lang='lat' dir='ltr'><strong>may</strong></span> <span class='ocrx_word' id='word_1_343' title='bbox 899 4476 960 4524; x_wconf 91' lang='lat' dir='ltr'><strong>be</strong></span> <span class='ocrx_word' id='word_1_344' title='bbox 992 4476 1141 4528; x_wconf 82' lang='lat' dir='ltr'><strong>taken</strong></span> <span class='ocrx_word' id='word_1_345' title='bbox 1177 4479 1241 4542; x_wconf 87' lang='lat' dir='ltr'><strong>by</strong></span> <span class='ocrx_word' id='word_1_346' title='bbox 1267 4478 1402 4528; x_wconf 82' lang='lat' dir='ltr'><strong>itself</strong></span> <span class='ocrx_word' id='word_1_347' title='bbox 1429 4479 1524 4527; x_wconf 86' lang='lat' dir='ltr'><strong>and</strong></span> <span class='ocrx_word' id='word_1_348' title='bbox 1562 4488 1702 4541; x_wconf 84' lang='lat' dir='ltr'><strong>apart</strong></span> 
     </span>
    </p>
   </div>
   <div class='ocr_carea' id='block_1_11' title="bbox 1791 2922 2961 3317">
    <p class='ocr_par' dir='ltr' id='par_1_15' title="bbox 1791 2922 2961 3317">
     <span class='ocr_line' id='line_1_47' title="bbox 1796 2922 2958 2986; baseline -0.002 -13"><span class='ocrx_word' id='word_1_349' title='bbox 1796 2924 1921 2973; x_wconf 89' lang='lat' dir='ltr'><strong>from</strong></span> <span class='ocrx_word' id='word_1_350' title='bbox 1938 2924 2023 2972; x_wconf 89' lang='lat' dir='ltr'><strong>the</strong></span> <span class='ocrx_word' id='word_1_351' title='bbox 2038 2922 2300 2986; x_wconf 77' lang='lat' dir='ltr'><strong>following,</strong></span> <span class='ocrx_word' id='word_1_352' title='bbox 2312 2924 2391 2971; x_wconf 80' lang='grc' dir='ltr'><strong>καὶ</strong></span> <span class='ocrx_word' id='word_1_353' title='bbox 2406 2923 2584 2984; x_wconf 73' lang='grc' dir='ltr'>πατήρ,</span> <span class='ocrx_word' id='word_1_354' title='bbox 2599 2923 2761 2983; x_wconf 53' lang='lat' dir='ltr'><strong>uranx,</strong></span> <span class='ocrx_word' id='word_1_355' title='bbox 2776 2938 2832 2970; x_wconf 90' lang='lat' dir='ltr'><strong>so</strong></span> <span class='ocrx_word' id='word_1_356' title='bbox 2850 2922 2958 2971; x_wconf 83' lang='lat' dir='ltr'><strong>that</strong></span> 
     </span>
     <span class='ocr_line' id='line_1_48' title="bbox 1798 3003 2961 3069; baseline -0.003 -14"><span class='ocrx_word' id='word_1_357' title='bbox 1798 3003 2060 3067; x_wconf 76' lang='grc' dir='ltr'>εὐλογητὸς</span> <span class='ocrx_word' id='word_1_358' title='bbox 2075 3007 2101 3055; x_wconf 83' lang='grc' dir='ltr'>ὅ</span> <span class='ocrx_word' id='word_1_359' title='bbox 2114 3003 2220 3055; x_wconf 79' lang='grc' dir='ltr'>θεός</span> <span class='ocrx_word' id='word_1_360' title='bbox 2233 3005 2384 3053; x_wconf 81' lang='lat' dir='ltr'><strong>forms</strong></span> <span class='ocrx_word' id='word_1_361' title='bbox 2398 3019 2429 3053; x_wconf 87' lang='lat' dir='ltr'><strong>a</strong></span> <span class='ocrx_word' id='word_1_362' title='bbox 2444 3005 2691 3069; x_wconf 89' lang='lat' dir='ltr'><strong>complete</strong></span> <span class='ocrx_word' id='word_1_363' title='bbox 2705 3011 2961 3064; x_wconf 79' lang='lat' dir='ltr'><strong>sentence3</strong></span> 
     </span>
     <span class='ocr_line' id='line_1_49' title="bbox 1791 3086 2960 3150; baseline 0 -13"><span class='ocrx_word' id='word_1_364' title='bbox 1791 3087 1896 3150; x_wconf 83' lang='lat' dir='ltr'><strong>just</strong></span> <span class='ocrx_word' id='word_1_365' title='bbox 1918 3104 1972 3137; x_wconf 86' lang='lat' dir='ltr'><strong>as</strong></span> <span class='ocrx_word' id='word_1_366' title='bbox 1995 3088 2048 3136; x_wconf 90' lang='lat' dir='ltr'><strong>in</strong></span> <span class='ocrx_word' id='word_1_367' title='bbox 2071 3089 2200 3137; x_wconf 85' lang='lat' dir='ltr'><strong>Gen.</strong></span> <span class='ocrx_word' id='word_1_368' title='bbox 2228 3086 2260 3134; x_wconf 89' lang='lat' dir='ltr'><strong>i.</strong></span> <span class='ocrx_word' id='word_1_369' title='bbox 2293 3102 2332 3145; x_wconf 85' lang='lat'><strong>1,</strong></span> <span class='ocrx_word' id='word_1_370' title='bbox 2366 3101 2393 3149; x_wconf 81' lang='lat'><strong>3</strong></span> <span class='ocrx_word' id='word_1_371' title='bbox 2417 3100 2493 3134; x_wconf 83' lang='lat' dir='ltr'><strong>we</strong></span> <span class='ocrx_word' id='word_1_372' title='bbox 2521 3086 2649 3135; x_wconf 85' lang='lat' dir='ltr'><strong>have</strong></span> <span class='ocrx_word' id='word_1_373' title='bbox 2680 3087 2904 3147; x_wconf 75' lang='grc' dir='ltr'>ἐποίησεν</span> <span class='ocrx_word' id='word_1_374' title='bbox 2933 3089 2960 3138; x_wconf 82' lang='grc' dir='ltr'><strong>ὁ</strong></span> 
     </span>
     <span class='ocr_line' id='line_1_50' title="bbox 1800 3166 2960 3234; baseline 0.003 -17"><span class='ocrx_word' id='word_1_375' title='bbox 1800 3167 1919 3226; x_wconf 82' lang='grc' dir='ltr'>θεός,</span> <span class='ocrx_word' id='word_1_376' title='bbox 1965 3172 2098 3218; x_wconf 71' lang='grc' dir='ltr'>εἶπεν</span> <span class='ocrx_word' id='word_1_377' title='bbox 2139 3166 2166 3219; x_wconf 75' lang='grc' dir='ltr'>ὁ</span> <span class='ocrx_word' id='word_1_378' title='bbox 2215 3167 2334 3225; x_wconf 83' lang='grc' dir='ltr'>θεός,</span> <span class='ocrx_word' id='word_1_379' title='bbox 2372 3168 2518 3217; x_wconf 88' lang='lat' dir='ltr'><strong>when</strong></span> <span class='ocrx_word' id='word_1_380' title='bbox 2566 3185 2634 3218; x_wconf 91' lang='lat' dir='ltr'><strong>no</strong></span> <span class='ocrx_word' id='word_1_381' title='bbox 2675 3169 2960 3234; x_wconf 86' lang='lat' dir='ltr'><strong>dependent</strong></span> 
     </span>
     <span class='ocr_line' id='line_1_51' title="bbox 1798 3248 2960 3317; baseline -0.001 -15"><span class='ocrx_word' id='word_1_382' title='bbox 1798 3253 2016 3317; x_wconf 84' lang='lat' dir='ltr'><strong>genitive</strong></span> <span class='ocrx_word' id='word_1_383' title='bbox 2049 3248 2281 3301; x_wconf 57' lang='lat' dir='ltr'><strong>follows!</strong></span> <span class='ocrx_word' id='word_1_384' title='bbox 2346 3251 2472 3300; x_wconf 90' lang='lat' dir='ltr'><strong>This</strong></span> <span class='ocrx_word' id='word_1_385' title='bbox 2494 3252 2636 3309; x_wconf 84' lang='lat' dir='ltr'><strong>view,</strong></span> <span class='ocrx_word' id='word_1_386' title='bbox 2677 3252 2839 3301; x_wconf 87' lang='lat' dir='ltr'><strong>which</strong></span> <span class='ocrx_word' id='word_1_387' title='bbox 2870 3251 2960 3301; x_wconf 88' lang='lat' dir='ltr'><strong>has</strong></span> 
     </span>
    </p>
   </div>
   <div class='ocr_carea' id='block_1_12' title="bbox 1798 3316 2957 3482">
    <p class='ocr_par' dir='ltr' id='par_1_16' title="bbox 1798 3316 2957 3482">
     <span class='ocr_line' id='line_1_52' title="bbox 1798 3316 2957 3482; baseline -0.003 -89"><span class='ocrx_word' id='word_1_388' title='bbox 1798 3345 1884 3393; x_wconf 88' lang='lat' dir='ltr'><strong>the</strong></span> <span class='ocrx_word' id='word_1_389' title='bbox 1928 3350 2134 3408; x_wconf 88' lang='lat' dir='ltr'><strong>support</strong></span> <span class='ocrx_word' id='word_1_390' title='bbox 2178 3341 2238 3390; x_wconf 83' lang='lat' dir='ltr'><strong>of</strong></span> <span class='ocrx_word' id='word_1_391' title='bbox 2275 3343 2359 3391; x_wconf 88' lang='lat' dir='ltr'><strong>the</strong></span> <span class='ocrx_word' id='word_1_392' title='bbox 2406 3341 2607 3391; x_wconf 67' lang='lat' dir='ltr'><strong>Poehito</strong></span> <span class='ocrx_word' id='word_1_393' title='bbox 2645 3316 2957 3482; x_wconf 28' lang='lat' dir='ltr'><strong>(RQ</strong></span> 
     </span>
    </p>
   </div>
   <div class='ocr_carea' id='block_1_13' title="bbox 1802 3467 2956 3580">
    <p class='ocr_par' dir='ltr' id='par_1_17' title="bbox 1802 3467 2956 3580">
     <span class='ocr_line' id='line_1_53' title="bbox 1802 3467 2956 3580; baseline -0.006 -21"><span class='ocrx_word' id='word_1_394' title='bbox 1802 3482 2124 3580; x_wconf 31' lang='grc' dir='ltr'><strong>(κῆ-ειη</strong></span> <span class='ocrx_word' id='word_1_395' title='bbox 2160 3493 2506 3554; x_wconf 54' lang='grc' dir='ltr'><strong>..ψει-,κ</strong></span> <span class='ocrx_word' id='word_1_396' title='bbox 2531 3467 2956 3553; x_wconf 55' lang='grc' dir='ltr'><strong>«ωλι-(οφ</strong></span> 
     </span>
    </p>
   </div>
   <div class='ocr_carea' id='block_1_14' title="bbox 1802 3596 2973 4311">
    <p class='ocr_par' dir='ltr' id='par_1_18' title="bbox 1802 3596 2973 4311">
     <span class='ocr_line' id='line_1_54' title="bbox 1802 3596 2963 3661; baseline -0.003 -11"><span class='ocrx_word' id='word_1_397' title='bbox 1802 3602 1850 3650; x_wconf 81' lang='lat' dir='ltr'><strong>is</strong></span> <span class='ocrx_word' id='word_1_398' title='bbox 1865 3597 2176 3661; x_wconf 85' lang='lat' dir='ltr'><strong>strenuously</strong></span> <span class='ocrx_word' id='word_1_399' title='bbox 2192 3596 2497 3645; x_wconf 85' lang='lat' dir='ltr'><strong>maintained</strong></span> <span class='ocrx_word' id='word_1_400' title='bbox 2514 3597 2581 3660; x_wconf 90' lang='lat' dir='ltr'><strong>by</strong></span> <span class='ocrx_word' id='word_1_401' title='bbox 2598 3597 2752 3646; x_wconf 89' lang='lat' dir='ltr'><strong>Thdt.</strong></span> <span class='ocrx_word' id='word_1_402' title='bbox 2771 3610 2783 3644; x_wconf 77' lang='grc' dir='ltr'>ε</span> <span class='ocrx_word' id='word_1_403' title='bbox 2814 3597 2963 3656; x_wconf 83' lang='grc' dir='ltr'>δῆλον</span> 
     </span>
     <span class='ocr_line' id='line_1_55' title="bbox 1802 3680 2963 3742; baseline -0.003 -10"><span class='ocrx_word' id='word_1_404' title='bbox 1802 3681 1860 3732; x_wconf 71' lang='grc' dir='ltr'><strong>ὡς</strong></span> <span class='ocrx_word' id='word_1_405' title='bbox 1904 3682 2041 3741; x_wconf 79' lang='grc' dir='ltr'>ἡμῶν</span> <span class='ocrx_word' id='word_1_406' title='bbox 2079 3681 2167 3739; x_wconf 76' lang='grc' dir='ltr'>μέν</span> <span class='ocrx_word' id='word_1_407' title='bbox 2218 3681 2348 3728; x_wconf 77' lang='grc' dir='ltr'>ἐστιν</span> <span class='ocrx_word' id='word_1_408' title='bbox 2391 3680 2531 3736; x_wconf 82' lang='grc' dir='ltr'>θεός,</span> <span class='ocrx_word' id='word_1_409' title='bbox 2577 3681 2663 3727; x_wconf 85' lang='grc' dir='ltr'>τοῦ</span> <span class='ocrx_word' id='word_1_410' title='bbox 2707 3680 2758 3729; x_wconf 67' lang='grc' dir='ltr'><strong>δὲ</strong></span> <span class='ocrx_word' id='word_1_411' title='bbox 2802 3680 2963 3742; x_wconf 82' lang='grc' dir='ltr'>κυρίου</span> 
     </span>
     <span class='ocr_line' id='line_1_56' title="bbox 1803 3761 2961 3822; baseline -0.004 -11"><span class='ocrx_word' id='word_1_412' title='bbox 1803 3763 2185 3822; x_wconf 60' lang='grc' dir='ltr'>ἡμῶντατήρ·</span> <span class='ocrx_word' id='word_1_413' title='bbox 2235 3762 2377 3808; x_wconf 83' lang='grc' dir='ltr'>τοῦτο</span> <span class='ocrx_word' id='word_1_414' title='bbox 2417 3761 2468 3808; x_wconf 78' lang='grc' dir='ltr'><strong>δὲ</strong></span> <span class='ocrx_word' id='word_1_415' title='bbox 2508 3761 2587 3807; x_wconf 78' lang='grc' dir='ltr'><strong>καὶ</strong></span> <span class='ocrx_word' id='word_1_416' title='bbox 2634 3761 2751 3822; x_wconf 75' lang='grc' dir='ltr'>πρὸς</span> <span class='ocrx_word' id='word_1_417' title='bbox 2787 3761 2961 3822; x_wconf 85' lang='grc' dir='ltr'>Κοριν-</span> 
     </span>
     <span class='ocr_line' id='line_1_57' title="bbox 1804 3842 2960 3903; baseline -0.004 -11"><span class='ocrx_word' id='word_1_418' title='bbox 1804 3846 1929 3893; x_wconf 87' lang='grc' dir='ltr'>θίους</span> <span class='ocrx_word' id='word_1_419' title='bbox 1964 3844 2290 3903; x_wconf 77' lang='grc' dir='ltr'>ἑρμηνεύοντες</span> <span class='ocrx_word' id='word_1_420' title='bbox 2322 3842 2410 3899; x_wconf 81' lang='grc' dir='ltr'>τὴν</span> <span class='ocrx_word' id='word_1_421' title='bbox 2437 3842 2659 3902; x_wconf 77' lang='grc' dir='ltr'>δευτέραν</span> <span class='ocrx_word' id='word_1_422' title='bbox 2693 3843 2960 3900; x_wconf 70' lang='grc' dir='ltr'>ἐπιστολὴν</span> 
     </span>
     <span class='ocr_line' id='line_1_58' title="bbox 1803 3922 2973 3986; baseline -0.002 -13"><span class='ocrx_word' id='word_1_423' title='bbox 1803 3924 2143 3984; x_wconf 80' lang='grc' dir='ltr'>ἐσημηνάμεθα</span> <span class='ocrx_word' id='word_1_424' title='bbox 2178 3923 2283 3983; x_wconf 86' lang='lat' dir='ltr'><strong>[i.e.</strong></span> <span class='ocrx_word' id='word_1_425' title='bbox 2327 3937 2394 3970; x_wconf 91' lang='lat' dir='ltr'><strong>on</strong></span> <span class='ocrx_word' id='word_1_426' title='bbox 2430 3936 2455 3968; x_wconf 70' lang='grc' dir='ltr'>α</span> <span class='ocrx_word' id='word_1_427' title='bbox 2493 3922 2610 3970; x_wconf 88' lang='lat' dir='ltr'><strong>Cor.</strong></span> <span class='ocrx_word' id='word_1_428' title='bbox 2643 3922 2678 3970; x_wconf 87' lang='lat' dir='ltr'><strong>i.</strong></span> <span class='ocrx_word' id='word_1_429' title='bbox 2712 3937 2759 3982; x_wconf 67' lang='grc' dir='ltr'><strong>α,</strong></span> <span class='ocrx_word' id='word_1_430' title='bbox 2795 3922 2973 3986; x_wconf 40' lang='lat' dir='ltr'><strong>where,</strong></span> 
     </span>
     <span class='ocr_line' id='line_1_59' title="bbox 1802 4001 2961 4069; baseline -0.002 -16"><span class='ocrx_word' id='word_1_431' title='bbox 1802 4005 1867 4055; x_wconf 90' lang='lat' dir='ltr'><strong>he</strong></span> <span class='ocrx_word' id='word_1_432' title='bbox 1923 4021 2034 4069; x_wconf 85' lang='lat' dir='ltr'><strong>says</strong></span> <span class='ocrx_word' id='word_1_433' title='bbox 2090 4005 2349 4065; x_wconf 68' lang='grc' dir='ltr'>εὐλογητὸς</span> <span class='ocrx_word' id='word_1_434' title='bbox 2419 4003 2446 4051; x_wconf 82' lang='grc' dir='ltr'><strong>ὁ</strong></span> <span class='ocrx_word' id='word_1_435' title='bbox 2514 4004 2633 4052; x_wconf 84' lang='grc' dir='ltr'>θεός·</span> <span class='ocrx_word' id='word_1_436' title='bbox 2709 4001 2961 4052; x_wconf 77' lang='grc' dir='ltr'>ἐνταῦθα</span> 
     </span>
     <span class='ocr_line' id='line_1_60' title="bbox 1809 4084 2955 4147; baseline 0 -14"><span class='ocrx_word' id='word_1_437' title='bbox 1809 4085 2139 4146; x_wconf 83' lang='grc' dir='ltr'>στικτέον.].</span> <span class='ocrx_word' id='word_1_438' title='bbox 2214 4085 2298 4135; x_wconf 81' lang='grc' dir='ltr'><strong>Οτι</strong></span> <span class='ocrx_word' id='word_1_439' title='bbox 2329 4085 2414 4134; x_wconf 87' lang='lat' dir='ltr'><strong>the</strong></span> <span class='ocrx_word' id='word_1_440' title='bbox 2443 4085 2586 4133; x_wconf 87' lang='lat' dir='ltr'><strong>other</strong></span> <span class='ocrx_word' id='word_1_441' title='bbox 2618 4084 2753 4133; x_wconf 81' lang='lat' dir='ltr'><strong>hand</strong></span> <span class='ocrx_word' id='word_1_442' title='bbox 2778 4084 2955 4147; x_wconf 86' lang='lat' dir='ltr'><strong>Chrys.</strong></span> 
     </span>
     <span class='ocr_line' id='line_1_61' title="bbox 1807 4167 2962 4231; baseline -0.003 -13"><span class='ocrx_word' id='word_1_443' title='bbox 1807 4184 1966 4218; x_wconf 88' lang='lat' dir='ltr'><strong>seems</strong></span> <span class='ocrx_word' id='word_1_444' title='bbox 2002 4177 2054 4217; x_wconf 86' lang='lat' dir='ltr'><strong>to</strong></span> <span class='ocrx_word' id='word_1_445' title='bbox 2087 4167 2199 4216; x_wconf 88' lang='lat' dir='ltr'><strong>lean</strong></span> <span class='ocrx_word' id='word_1_446' title='bbox 2234 4175 2286 4216; x_wconf 86' lang='lat' dir='ltr'><strong>to</strong></span> <span class='ocrx_word' id='word_1_447' title='bbox 2321 4168 2406 4216; x_wconf 87' lang='lat' dir='ltr'><strong>the</strong></span> <span class='ocrx_word' id='word_1_448' title='bbox 2444 4167 2674 4231; x_wconf 82' lang='lat' dir='ltr'><strong>opposite</strong></span> <span class='ocrx_word' id='word_1_449' title='bbox 2712 4175 2962 4215; x_wconf 87' lang='lat' dir='ltr'><strong>construc-</strong></span> 
     </span>
     <span class='ocr_line' id='line_1_62' title="bbox 1807 4249 2967 4311; baseline -0.003 -11"><span class='ocrx_word' id='word_1_450' title='bbox 1807 4250 1929 4311; x_wconf 83' lang='lat' dir='ltr'><strong>tion,</strong></span> <span class='ocrx_word' id='word_1_451' title='bbox 1980 4250 2056 4300; x_wconf 70' lang='grc' dir='ltr'><strong>ἴοι·</strong></span> <span class='ocrx_word' id='word_1_452' title='bbox 2109 4252 2173 4299; x_wconf 88' lang='lat' dir='ltr'><strong>he</strong></span> <span class='ocrx_word' id='word_1_453' title='bbox 2228 4251 2479 4309; x_wconf 83' lang='lat' dir='ltr'><strong>exclaims,</strong></span> <span class='ocrx_word' id='word_1_454' title='bbox 2542 4251 2659 4309; x_wconf 79' lang='grc' dir='ltr'>ἰδού,</span> <span class='ocrx_word' id='word_1_455' title='bbox 2720 4250 2823 4297; x_wconf 86' lang='grc' dir='ltr'>θεὸς</span> <span class='ocrx_word' id='word_1_456' title='bbox 2877 4249 2967 4296; x_wconf 75' lang='grc' dir='ltr'>τοῦ</span> 
     </span>
    </p>
   </div>
   <div class='ocr_carea' id='block_1_15' title="bbox 1804 4332 2964 4478">
    <p class='ocr_par' dir='ltr' id='par_1_19' title="bbox 1804 4332 2964 4478">
     <span class='ocr_line' id='line_1_63' title="bbox 1807 4332 2964 4397; baseline 0 -17"><span class='ocrx_word' id='word_1_457' title='bbox 1807 4335 2152 4394; x_wconf 81' lang='grc' dir='ltr'>σαρκωθέντος·</span> <span class='ocrx_word' id='word_1_458' title='bbox 2219 4333 2422 4397; x_wconf 88' lang='lat' dir='ltr'><strong>adding,</strong></span> <span class='ocrx_word' id='word_1_459' title='bbox 2482 4333 2744 4381; x_wconf 85' lang='lat' dir='ltr'><strong>however:</strong></span> <span class='ocrx_word' id='word_1_460' title='bbox 2814 4332 2856 4378; x_wconf 85' lang='grc' dir='ltr'><strong>εί</strong></span> <span class='ocrx_word' id='word_1_461' title='bbox 2910 4332 2964 4380; x_wconf 80' lang='grc' dir='ltr'><strong>δὲ</strong></span> 
     </span>
     <span class='ocr_line' id='line_1_64' title="bbox 1804 4411 2846 4478; baseline -0.004 -15"><span class='ocrx_word' id='word_1_462' title='bbox 1804 4416 1874 4473; x_wconf 81' lang='grc' dir='ltr'><strong>μὴ</strong></span> <span class='ocrx_word' id='word_1_463' title='bbox 1895 4417 2078 4478; x_wconf 84' lang='grc' dir='ltr'>βούλει,</span> <span class='ocrx_word' id='word_1_464' title='bbox 2104 4415 2235 4463; x_wconf 80' lang='grc' dir='ltr'>ἀλλὰ</span> <span class='ocrx_word' id='word_1_465' title='bbox 2257 4411 2341 4463; x_wconf 78' lang='grc' dir='ltr'>τοῦ</span> <span class='ocrx_word' id='word_1_466' title='bbox 2366 4411 2473 4463; x_wconf 77' lang='grc' dir='ltr'>θεοῦ</span> <span class='ocrx_word' id='word_1_467' title='bbox 2496 4413 2646 4476; x_wconf 74' lang='grc' dir='ltr'>λόγου</span> <span class='ocrx_word' id='word_1_468' title='bbox 2670 4413 2846 4474; x_wconf 73' lang='grc' dir='ltr'>πατήρ.</span> 
     </span>
    </p>
   </div>
  </div>
 </body>
</html>
