3293 5233
572 367 694 431 160
1214 379 1673 440 THEonoRUs
1721 380 2306 431 MOPSUESTENUS
2515 365 2672 451 [111.
2717 364 2985 443 16—19.

560 573 759 618 onem
808 557 1241 640 explicabant
1281 559 1763 640 magnitudinis
1793 558 2047 641 gratiae
2081 556 2209 620 Dei
2243 556 2417 620 illius
2453 575 2624 638 quae
2670 574 2830 636 erga
2865 572 2989 615 nos

560 656 737 722 facta
782 679 926 723 esse
972 662 1338 725 uidebatur.
1427 661 1556 724 hoc
1587 681 1745 725 uero
1778 662 1844 724 in
1878 660 2024 723 loco
2057 659 2218 723 illud
2266 669 2420 742 post
2461 659 2986 723 interiectionem

560 785 919 841 resumenS,
967 765 1096 828 hoc
1135 766 1316 840 dicit,
1347 765 1666 847 quoniam
1704 769 1848 845 ‘pro
1878 763 1983 826 his
2014 764 2324 826 omnibus
2355 783 2526 845 quae
2558 762 2751 825 nobis
2799 781 2987 844 prae-

561 872 748 946 stitit,
795 870 966 932 sicut
1011 868 1334 950 praedixi,
1382 868 1538 950 quia
1584 869 1677 930 sic
1725 876 1881 930 sunt
1928 886 2172 947 magna
2203 874 2272 929 et
2301 865 2739 928 demiratione
2780 866 2989 946 digna

498 982 529 1048 5
563 982 630 1035 et
683 973 961 1035 nimium
1021 972 1373 1054 praeclara,
1424 969 1543 1052 per
1594 968 1856 1051 singula
1904 978 2247 1031 momenta
2298 989 2517 1051 genua
2567 966 2764 1031 flecto
2813 967 2988 1050 patri

564 1071 828 1147 Christi,
861 1092 1063 1154 quem
1106 1072 1324 1133 omnis
1370 1071 1800 1153 congregatio
1836 1069 1974 1133 siue
2007 1090 2081 1132 ea
2111 1089 2274 1151 quae
2303 1068 2374 1131 in
2402 1069 2596 1131 caelis
2621 1079 2719 1132 est
2744 1068 2884 1131 siue
2912 1088 2989 1130 ea

562 1192 723 1254 quae
737 1185 929 1255 super
950 1186 1195 1238 terram
1217 1184 1324 1251 est,
1352 1174 1691 1256 proprium
1718 1183 1915 1236 uocat
1945 1182 2013 1236 et
2037 1172 2348 1235 aestimat
2379 1160 2523 1234 esse
2548 1168 2986 1234 dominuml*

693 1277 851 1359 quid
885 1276 1318 1358 depostulans
1350 1276 1436 1338 ab
1469 1275 1585 1338 eo?

692 1427 768 1481 ut
792 1418 899 1481 det
927 1419 1105 1482 uobis
1130 1417 1473 1481 secundum
1502 1417 1781 1480 diuitias
1797 1413 2054 1500 gloriae
2080 1438 2235 1480 suae
2275 1417 2586 1480 uirtutem
2625 1415 2990 1498 confortari

461 1541 539 1589 10
547 1528 674 1599 per
705 1518 1032 1600 Spiritum
1061 1520 1200 1582 eius
1229 1520 1301 1583 in
1332 1520 1703 1583 interiorem
1743 1519 2104 1593 leominem,·
2149 1518 2446 1582 habitare
2491 1517 2824 1582 Christum
2864 1528 2986 1598 per

543 1623 753 1706 fidem
785 1623 856 1686 in
883 1623 1178 1686 cordibus
1207 1623 1440 1686 vestris
1448 1646 1478 1697 ,·
1524 1622 1594 1686 in
1623 1622 1897 1685 caritate
1926 1621 2210 1684 radicati
2235 1632 2297 1684 et
2307 1620 2610 1703 fundati.

696 1759 985 1841 ‘postulo
1015 1757 1275 1840 (inquit)
1300 1759 1385 1821 ab
1416 1779 1514 1835 e0‚
1548 1768 1623 1820 ut
1654 1759 2017 1820 secundum
2050 1778 2238 1820 suam
2270 1758 2640 1820 bonitatem
2667 1755 2986 1839 praebeat

564 1861 756 1925 uobis
811 1861 1097 1944 Spiritus
1136 1862 1439 1943 gratiam,
1484 1871 1556 1923 ut
1597 1858 1946 1924 confirmet
1987 1881 2107 1923 uos
2164 1861 2230 1923 in
2281 1881 2360 1923 ea
2403 1881 2575 1942 quae
2616 1863 2983 1924 secundum

484 2033 491 2040 Χ
568 1962 904 2026 Christum
955 1973 1056 2025 est
1109 1961 1273 2038 fide3
1321 1963 1414 2025 ita
1466 1972 1540 2025 ut
1582 1962 1969 2025 aestimetur
2009 1963 2187 2024 idem
2228 1962 2599 2025 inhabitare
2637 1964 2703 2025 in
2746 1965 2985 2027 uestris

461 2085 532 2151 15
567 2063 821 2138 animiS,
871 2064 1063 2124 uobis
1116 2083 1272 2144 erga
1320 2083 1474 2125 eum
1527 2063 1930 2126 habentibus
1982 2064 2346 2140 caritatem,
2401 2065 2591 2145 quasi
2641 2067 2982 2146 quandam

566 2164 854 2226 radicem
888 2174 955 2226 et
986 2164 1496 2227 fundamentum
1529 2163 2016 2228 firmissimum.'
2104 2174 2173 2226 et
2204 2165 2382 2228 aliud
2416 2165 2620 2228 adicit
2647 2187 2661 2228 :

694 2314 770 2367 ut
783 2304 1050 2384 possitis
1073 2305 1586 2385 comprehendere
1612 2326 1758 2369 cum
1788 2308 2084 2371 omnibus
2109 2308 2366 2384 sanctiS,
2398 2330 2560 2390 qnae
2587 2309 2680 2372 sit
2706 2309 2986 2373 latitudo

563 2414 626 2467 et
652 2405 979 2486 longitudo
1016 2415 1080 2468 et
1100 2407 1509 2488 profundum
1538 2418 1601 2470 et
1627 2409 1904 2472 altitudo
1914 2434 1944 2484 ,·
1985 2431 2341 2492 cognoscere
2367 2410 2566 2473 etiam
2596 2411 2984 2492 superemin-

565 2519 770 2571 entem
796 2508 1095 2572 scientiae
1121 2510 1459 2573 caritatem
1496 2512 1757 2576 Christi.

457 2723 544 2771 20
569 2694 651 2759 τὰ
677 2696 1082 2783 προκείμενα,
1107 2695 1406 2779 διήγησιν
1437 2697 1675 2785 ἔχοντα
1705 2700 1820 2763 τοῦ
1846 2697 2157 2780 μεγέθους
2186 2701 2299 2777 τῆς
2330 2697 2483 2782 περὶ
2514 2696 2683 2782 ἡμᾶς
2716 2700 2985 2784 χάριτος

569 2801 679 2861 τοῦ
716 2799 877 2876 θεοῦ,
916 2799 1197 2865 ἐνταῦθα
1242 2798 1310 2864 δὲ
1350 2797 1504 2865 αὐτὸ
1551 2799 1716 2878 μετὰ
1753 2803 1834 2864 τὰ
1880 2800 2356 2886 παρεντεθέντα
2386 2799 2762 2879 ἀναλαβών,
2795 2804 2984 2867 τοί-το

569 2902 765 2984 λέγει,
795 2900 895 2967 ὅτι
945 2900 1141 2988 ’ὑπὲρ
1189 2904 1433 2968 τούτων
1467 2901 1780 2968 ἁπάντων
1828 2900 1913 2967 ὧν
1958 2900 2111 2982 ἡμῖν
2155 2900 2503 2988 παρέσχεν,
2542 2904 2651 2968 καὶ
2699 2903 2782 2973 ὦς
2823 2931 2987 2991 προ-

570 3010 754 3071 εἷπον
793 3005 992 3074 οὔτως·
1023 3005 1222 3071 ὄντων
1264 3006 1570 3087 μεγάλων
1615 3005 1725 3071 καὶ
1775 3007 2179 3086 θαυμαστῶν,
2224 3006 2540 3073 ἑκάστοτε
2583 3010 2986 3092 προσπίπτω

570 3112 661 3195 τῷ
710 3109 917 3196 πατρὶ
967 3112 1085 3173 τοῦ
1135 3110 1446 3191 Χριστοῦ,
1503 3105 1575 3172 ὃν
1630 3106 1809 3173 ἅπαν
1857 3108 2166 3188 σύστημα
2221 3110 2347 3173 εἴτε
2401 3111 2468 3174 ἐν
2519 3109 2814 3197 οὐρανοῖς
2859 3112 2987 3177 εἴτε

459 3240 497 3286 2
506 3237 536 3304 5
571 3211 673 3275 ἐπὶ
706 3213 827 3293 ’γῆς
857 3210 1088 3276 οἰκεῖον
1118 3215 1310 3276 καλεῖ
1336 3237 1408 3275 τε
1439 3211 1548 3275 καὶ
1578 3208 1830 3292 ἡγεῖται
1861 3208 2222 3291 δεσπότηνῖ

673 3385 691 3417 1
731 3368 1011 3433 explicabat
1040 3370 1084 3418 C
1102 3370 1169 3417 H
1289 3382 1316 3430 5
1354 3370 1485 3419 flecti
1515 3370 1634 3418 CH
1750 3367 1781 3418 6
1817 3369 2019 3418 Christo
2047 3369 2200 3418 C*H
2222 3368 2230 3432 Ι
2257 3377 2304 3418 et
2332 3369 2444 3432 (for
2461 3385 2522 3418 ea
2546 3369 2616 3430 2⁰)
2647 3370 2689 3419 C
2802 3384 2834 3435 9
2867 3385 2986 3419 con-

570 3449 751 3499 fortare
781 3451 888 3499 CH
1021 3465 1072 3499 11
1113 3452 1264 3500 fidem
1289 3453 1357 3500 H
1479 3470 1535 3503 21
1575 3450 1708 3513 αὐτῷ
1727 3453 1860 3510 cod„
1886 3454 1968 3502 Cr.
2121 3468 2178 3500 22
2217 3454 2424 3512 παρεῖχε
2446 3453 2560 3501 edd.
2595 3451 2603 3510 Ι
2635 3453 2876 3515 προειπὼν
2898 3454 2983 3501 Cr.

572 3545 631 3593 25
668 3533 887 3579 καλεῖται
909 3534 1044 3590 cod.,
1069 3534 1183 3581 edd.

639 3666 683 3712 5.
719 3653 869 3714 patri
902 3653 1117 3714 Christi]
1186 3654 1281 3703 See
1309 3671 1387 3705 vv.
1423 3656 1496 3713 11.,
1525 3656 1624 3704 and
1660 3655 1722 3705 cs.
1831 3656 2032 3718 regards
2087 3656 2138 3714 ἐξ
2194 3652 2597 3719 οὗ...ὀνομάζτται
2652 3671 2707 3704 as
2762 3655 2879 3716 εὲξ
2934 3656 2992 3707 ου’

571 3734 656 3782 the
693 3734 811 3793 Gk„
855 3734 1019 3784 which
1056 3737 1280 3801 disposes
1313 3737 1371 3785 of
1402 3738 1576 3786 Pitra‘s
1610 3753 1727 3785 con·
1829 3740 1962 3786 ἐστὶν
1982 3775 2098 3786 ......
2118 3738 2438 3796 ὀνομαζομένη
2495 3737 2578 3796 (cf.
2636 3737 2668 3785 i.
2727 3740 2831 3797 αι).
2922 3739 2988 3789 In

566 3817 757 3881 jecture
781 3819 887 3867 that
911 3820 995 3868 the
1018 3821 1236 3870 author’s
1271 3829 1374 3870 text
1408 3822 1616 3870 omitted
1644 3819 1732 3867 τοῦ
1830 3819 1989 3867 either
2021 3835 2132 3868 case
2168 3820 2232 3867 he
2262 3820 2353 3867 has
2383 3820 2510 3868 been
2548 3821 2630 3868 led
2664 3820 2769 3868 into
2799 3835 2864 3868 an
2896 3837 2987 3869 un·

571 3916 617 3947 κ.
655 3896 785 3956 ἡμῶν
814 3895 866 3947 ’1.
909 3900 994 3959 Χ.,
1032 3901 1131 3948 and
1166 3901 1273 3950 that
1309 3901 1371 3949 he
1407 3901 1642 3949 intended
1675 3909 1729 3949 to
1831 3900 2141 3962 satisfactory
2173 3900 2549 3963 interpretation
2580 3900 2647 3962 by
2671 3900 2754 3948 the
2784 3900 2988 3963 exigen-

573 3979 780 4043 identify
803 3977 886 4027 τόν
911 3982 1099 4042 πατέρα
1122 3981 1243 4030 with
1268 3984 1374 4030 Our
1399 3982 1549 4030 Lord.
1833 3980 1932 4028 cies
1972 3979 2028 4027 of
2065 3980 2143 4027 his
2183 3979 2482 4041 conjecture.
2553 3982 2647 4029 See
2691 3979 2867 4037 above,
2920 3997 2990 4029 on

637 4061 685 4111 6.
766 4080 907 4127 quem
943 4065 1104 4112 omnis
1138 4065 1453 4127 congregabo,
1496 4063 1610 4123 δία]
1679 4063 1735 4111 Is
1827 4078 1870 4111 c.
1910 4064 1959 4111 ii.
1992 4077 2070 4111 αι.
2140 4064 2250 4112 The
2287 4064 2551 4112 translator
2587 4062 2678 4111 has
2713 4064 2835 4112 used
2874 4080 2990 4112 con·

571 4146 670 4195 this
693 4144 857 4194 clause
888 4147 929 4195 is
960 4146 1196 4195 intended
1220 4162 1274 4193 as
1297 4162 1327 4194 a
1351 4145 1652 4209 paraphrase
1675 4145 1735 4193 of
1820 4144 2041 4207 gregatio
2079 4152 2132 4192 to
2178 4151 2428 4208 represent
2470 4143 2592 4191 both
2634 4145 2846 4205 φρατρὶα
2884 4144 2990 4194 and

569 4228 621 4286 ἐξ
650 4224 1069 4285 οὗ...ο’νομάζ“εται,
1095 4226 1193 4274 Th.
1216 4226 1375 4274 either
1397 4226 1727 4274 understands
1829 4228 2070 4282 σύστημα,
2098 4225 2172 4272 sor
2207 4225 2290 4272 the
2324 4224 2470 4272 latter
2503 4222 2561 4272 os
2589 4223 2752 4273 which
2786 4223 2851 4272 he
2884 4225 2990 4274 had

570 4309 655 4357 the
682 4308 798 4356 verb
827 4315 879 4355 to
906 4324 1052 4356 mean
1078 4307 1298 4356 ‘derives
1321 4307 1383 4355 its
1406 4323 1553 4356 name
1574 4308 1719 4368 from,
1828 4305 2093 4368 employed
2116 4307 2318 4355 collectio
2341 4307 2391 4354 in
2416 4322 2467 4370 p.
2491 4321 2595 4371 159,
2627 4306 2659 4354 l.
2686 4307 2733 4355 8.

570 4406 625 4438 as
671 4398 904 4453 property
956 4388 1082 4437 from
1131 4388 1192 4436 its
1241 4387 1446 4447 owner,'
1494 4389 1592 4437 and
1645 4405 1717 4447 50,
1900 4390 1975 4437 18.
2032 4388 2346 4451 profundum
2369 4398 2412 4436 et
2433 4389 2660 4449 altitudo]
2717 4388 2828 4437 The
2850 4404 2992 4439 same

579 4472 728 4518 ‘does
764 4471 989 4532 homage,
1028 4484 1168 4517 owns
1215 4468 1366 4530 scalty
1397 4466 1510 4529 to;'
1563 4485 1619 4516 or
1659 4469 1721 4517 he
1826 4472 1969 4520 order
2011 4472 2051 4520 is
2087 4471 2329 4520 observed
2368 4472 2416 4519 in
2459 4472 2544 4521 the
2583 4488 2762 4520 comm.
2802 4471 2991 4523 below.
