3293 5233
334 395 464 460 111.
503 396 796 479 ¹3—15·]

1099 409 1182 459 IN
1231 408 1335 459 ΕΡ.
1382 410 1484 460 ΑΙ)
1528 409 2049 463 COLOSSENSES.

2623 413 2745 478 303

459 579 702 644 deinde
730 579 817 643 ad
850 568 1396 643 instaurationem
1427 579 1756 644 dictorum
1785 599 1802 642 ε

457 745 650 816 super
674 732 897 796 omnia
923 731 1075 796 haec
1099 731 1456 796 caritatem.

419 861 893 943 compendiose
923 860 1139 923 dicere
1171 858 1355 923 uult:
1401 858 1731 922 ‘caritatis
1759 857 2002 922 habete
2033 857 2465 940 diligentiam,
2496 880 2586 923 ex
2617 879 2750 941 qua

331 965 567 1029 horum
598 964 876 1028 directio
905 959 1215 1027 efficitur.’
1274 971 1343 1025 et
1371 962 1730 1024 ostendens
1759 960 2053 1024 caritatis
2084 959 2438 1026 utilitatem
2467 961 2752 1025 adiecit:

460 1138 622 1200 quae
646 1125 742 1179 est
768 1113 1097 1179 uinculum
1112 1111 1538 1195 perfectionis.

2801 1075 2806 1080 ἡ
2826 1124 2857 1192 5

465 1241 747 1306 ‘etenim
815 1241 882 1304 in
944 1239 1165 1304 futuro
1225 1237 1494 1321 (inquit)
1556 1236 1822 1300 saeculo
1881 1237 2068 1301 atubi
2127 1236 2634 1314 constiterimus
2682 1237 2749 1300 in

333 1345 493 1410 illud
532 1346 714 1428 quod
757 1351 1184 1426 praeceptum
1217 1351 1319 1404 est
1354 1338 1571 1403 adhuc
1604 1339 1698 1422 (id
1746 1349 1862 1415 est,
1908 1339 2284 1422 caritatem)
2326 1340 2644 1423 conligati
2683 1342 2748 1404 in

334 1448 618 1512 inuicem
651 1445 1202 1529 permanebimuS,
1230 1440 1478 1505 nullam
1511 1442 1999 1523 separationem
2032 1441 2301 1506 ulterius
2324 1443 2754 1523 sustinentes;

332 1548 705 1611 tenebimur
745 1566 902 1610 uero
942 1545 1008 1608 in
1051 1544 1404 1608 concordia
1445 1541 1560 1606 illa
1598 1563 1772 1624 quae
1811 1561 1969 1624 erga
2004 1541 2395 1606 alterutrum
2426 1543 2563 1607 est!

333 1649 549 1730 ipsum
581 1646 808 1711 aliter:

2651 1543 2751 1607 id·-

2785 1661 2864 1708 10

462 1826 525 1879 et
538 1828 680 1898 pax
703 1813 837 1879 Dei
861 1814 1081 1897 uigeat
1107 1812 1177 1875 in
1204 1812 1499 1876 cordibus
1528 1812 1775 1875 uestris.

390 2007 399 2018 ,
463 1942 676 2005 sciens
721 1940 896 2004 enim
935 1941 1169 2004 beatus
1212 1937 1453 2002 Paulus
1494 1939 1810 2021 quoniam
1857 1938 2133 2002 caritate
2174 1947 2487 2002 manente
2524 1937 2751 2001 omnia

336 2041 527 2108 facile
566 2045 954 2126 diriguntur,
1003 2042 1132 2129 illis
1178 2062 1335 2105 uero
1375 2062 1546 2124 quae
1585 2042 1915 2104 contraria
1959 2050 2115 2104 sunt
2160 2043 2541 2105 tenentibus
2586 2042 2749 2106 nihil

337 2144 613 2207 efficitur
641 2166 731 2208 ex
763 2144 889 2207 illis
919 2164 1090 2224 quae
1130 2144 1534 2206 conueniunt
1560 2164 1575 2221 ;
1621 2144 1805 2205 omni
1837 2141 1985 2205 loco
2015 2144 2100 2206 de
2144 2143 2420 2207 caritate
2465 2143 2749 2207 multum

336 2247 551 2312 facere
587 2249 850 2312 uidetur
887 2266 1279 2311 sermonem.

331 2349 570 2412 adiecit
596 2373 610 2413 :

1370 2254 1437 2308 et
1468 2247 1832 2309 ostendens
1874 2244 2361 2309 exhortationis
2392 2246 2749 2311 utilitatem
2787 2258 2858 2326 15

465 2499 536 2562 in
563 2520 692 2582 qua
718 2509 781 2562 et
808 2498 1019 2561 uocati
1042 2497 1195 2561 estis
1225 2496 1294 2560 in
1327 2517 1451 2560 uno
1478 2508 1727 2578 corpore
1744 2520 1775 2570 ,·
1814 2507 1878 2560 et
1893 2498 2089 2579 grati
2112 2508 2317 2562 estote.

467 2632 701 2690 ‘unum
734 2627 1070 2709 quoddam
1104 2645 1341 2707 corpus
1374 2645 1491 2706 per
1519 2626 2085 2706 regenerationem
2129 2625 2285 2689 facti
2317 2646 2580 2704 sumus;
2615 2626 2749 2689 eui-

337 2729 501 2791 dens
548 2738 649 2791 est
702 2738 925 2792 autem
976 2729 1290 2810 quoniam
1346 2727 1411 2789 in
1466 2745 1630 2807 pace
1691 2745 1918 2788 sumus
1971 2727 2208 2802 uocati,
2261 2746 2343 2790 eo
2394 2728 2572 2808 quod
2628 2747 2753 2791 nec

441 2952 460 2986 1
500 2938 852 2988 staurationem
874 2939 941 2988 H
997 2936 1423 2987 confirmationem
1445 2951 1479 2983 r

340 3020 412 3069 C*
441 3020 449 3084 Ι
480 3029 529 3070 et
553 3021 652 3084 (ast
671 3020 835 3085 dilig.)
859 3021 963 3069 add
983 3019 1053 3069 C*
1078 3020 1136 3069 H

337 3102 489 3151 adubi
535 3101 608 3152 C*
627 3103 692 3152 H
764 3102 852 3151 ubi
897 3103 939 3151 C
970 3098 1116 3165 (ωνν)
1141 3101 1167 3149 Ι

344 3199 400 3247 ¹5
435 3184 633 3234 uidetur
660 3200 738 3234 om
761 3185 829 3233 H
1021 3181 1080 3232 16
1113 3181 1266 3231 adicit
1296 3180 1340 3228 C
1359 3196 1392 3227 r

408 3353 450 3386 1.
516 3339 588 3386 ad
636 3338 1049 3386 instaurationem
1098 3333 1173 3399 d.]
1247 3334 1338 3382 Ad
1384 3348 1490 3381 con-

325 3418 660 3482 firmationem
709 3418 810 3476 (see
845 3433 926 3465 w.
971 3407 1046 3477 11'.)
1104 3416 1147 3465 is
1190 3431 1221 3463 a
1265 3411 1494 3462 manifest

336 3502 426 3550 but
454 3500 699 3564 probably
720 3507 908 3549 correct
935 3499 1086 3563 gloss.
1153 3497 1264 3546 The
1287 3493 1498 3558 original

338 3597 452 3643 may
485 3580 698 3645 perhaps
730 3580 859 3629 have
898 3580 1023 3628 been
1064 3578 1144 3627 καὶ
1184 3578 1496 3637 ἐπισφίγγων

336 3661 397 3710 τὰ.
422 3663 675 3722 λεγόμενα.
738 3664 901 3725 Super
918 3677 1108 3711 omnem
1130 3660 1258 3708 hanc
1280 3666 1411 3707 must
1435 3657 1499 3705 be

339 3757 371 3790 a
405 3742 638 3807 copyist's
672 3759 841 3803 error;
874 3742 938 3791 cs.
975 3742 1107 3805 Eph.
1146 3742 1178 3789 i.
1218 3755 1295 3803 23,
1331 3737 1497 3787 where

338 3838 370 3871 a
391 3822 578 3871 similar
599 3822 856 3872 confusion
884 3822 974 3871 has
997 3822 1148 3871 found
1172 3821 1235 3869 its
1256 3835 1368 3883 way
1390 3819 1496 3866 into

339 3902 424 3951 the
448 3902 513 3952 O.
530 3904 591 3951 L.

407 3998 455 4047 3.
519 3999 580 4031 ex
633 3998 735 4046 qua
789 3983 837 4032 Ιι.
898 3983 1094 4031 directio
1145 3981 1248 4045 effi]
1338 3981 1389 4039 ἐξ
1441 3976 1497 4037 ἧς

337 4064 517 4110 τούτων
552 4062 739 4123 γίνεται
775 4057 805 4120 ἠ
840 4060 1144 4123 κατόρθωσις.
1219 4059 1298 4110 Cf.
1328 4076 1380 4123 p.
1414 4071 1491 4119 51,

340 4144 374 4191 l.
399 4158 448 4208 9,
471 4150 606 4192 note.

409 4239 453 4289 5.
547 4241 674 4290 quae
734 4233 803 4274 est
856 4225 986 4274 uine.
1037 4223 1265 4288 perfect]
1368 4224 1497 4280 ἥτις

341 4309 474 4357 ἐστὶν
491 4307 752 4367 σύνδεσμος
773 4308 859 4366 τῆς
876 4307 1190 4364 τελειότητος.
1225 4304 1295 4353 So
1313 4303 1488 4366 Chrys.

345 4390 436 4455 (ad
451 4392 499 4441 h.
529 4393 615 4451 l.),-
635 4390 810 4449 Thdt.,
838 4392 925 4441 8ιο.
967 4389 1078 4439 The
1104 4388 1251 4437 Latin
1275 4387 1495 4436 versions

344 4481 593 4533 represent
650 4471 735 4519 the
795 4472 1001 4532 reading
1056 4472 1082 4517 ὅ
1132 4471 1281 4523 ἐστιν,
1330 4471 1488 4517 'ca-A.

1305 3035 1337 3079 4
1368 3016 1625 3067 caritatem
1648 3016 1715 3063 H
1734 3012 1741 3077 Ι
1771 3015 1922 3064 adicit
1949 3014 1992 3063 C
2012 3032 2045 3063 r

1391 3109 1417 3158 7
1453 3096 1644 3146 caritati
1686 3096 1728 3145 C

2505 2946 2533 2994 3
2567 2934 2750 2985 hebete

2211 3012 2242 3062 6
2277 3014 2437 3078 inquit
2460 3016 2511 3064 in
2536 3016 2624 3066 sut.
2653 3034 2686 3065 r
2710 3017 2720 3081 Ι

1959 3110 2018 3144 ιο
2049 3095 2338 3144 alterutrum
2374 3096 2488 3159 (for
2518 3096 2679 3162 aliter)
2717 3116 2750 3149 r

1687 2949 1713 2983 2
1750 2948 1950 2983 omnem
1972 2934 2102 2983 hanc
2132 2933 2176 2982 C
2188 2933 2255 2982 H
2263 2949 2296 2981 r

1596 3329 1845 3378 Ambrstr.
1900 3330 2040 3393 gives
2103 3333 2134 3356 ‘⁸
2159 3329 2362 3378 unitatis
2385 3326 2415 3354 ’⁹
2469 3328 2749 3395 (ἑνότητος).

1594 3411 1813 3474 Persea-t„
1833 3410 1917 3460 the
1934 3411 2257 3460 resurrection
2276 3419 2402 3461 state
2418 3428 2433 3471 ς
2464 3428 2546 3462 see
2563 3429 2613 3477 p.
2632 3417 2742 3476 282,

1596 3492 1630 3540 1.
1660 3509 1704 3552 2,
1733 3501 1867 3543 note.

1658 3572 1705 3623 6.
1777 3575 1831 3623 in
1860 3574 2049 3638 futuro
2075 3575 2422 3636 ..sustinentes1
2498 3576 2648 3626 Cited
2680 3578 2751 3642 by

1595 3652 1859 3703 Lanfranc.

1666 3751 1740 3786 11.
1806 3745 1851 3787 et
1877 3746 1988 3801 pax
2021 3739 2150 3800 Dei]
2216 3740 2287 3788 So
2329 3740 2616 3801 Ambrstr.;
2664 3742 2749 3793 the

1592 3818 1736 3867 other
1772 3819 1922 3867 Latin
1959 3819 2250 3868 authorities
2286 3820 2414 3870 have
2460 3812 2750 3872 “Christi”

1607 3900 1792 3962 Vaegeat,
1829 3901 2147 3960 βραβευέτω;
2183 3899 2332 3963 Vulg.
2374 3902 2632 3951 “exsultet
2653 3901 2749 3940 ’'—

1594 3981 1883 4044 renderings
1915 3980 2096 4030 almost
2126 3981 2328 4044 equally
2349 3982 2744 4047 unsatisfactory.

1595 4061 1692 4110 See
1715 4077 1781 4109 on
1804 4061 1885 4109 ch.
1911 4060 1962 4109 ii.
1995 4064 2067 4110 18.

1664 4158 1740 4206 ¹4·
1807 4145 1866 4193 de
1919 4145 2122 4193 caritate
2173 4144 2405 4202 multum,
2457 4144 2575 4205 δια]
2664 4146 2741 4196 Cf.

1593 4227 1709 4287 Gal.
1736 4244 1783 4276 v.
1809 4227 1857 4286 6,
1885 4228 1951 4276 vi.
1973 4243 2033 4287 23
2070 4227 2202 4290 Eph.
2227 4228 2291 4276 iv.
2325 4243 2370 4281 α,
2395 4227 2481 4276 διε.

1665 4308 1737 4356 18.
1812 4323 1975 4355 unum
2009 4308 2251 4371 quoddam
2274 4315 2463 4371 corpus,
2486 4307 2598 4368 &c.]
2666 4309 2747 4359 Cf.

1594 4403 1643 4450 p.
1678 4387 1782 4446 ⁸64,
1813 4387 1866 4434 ll.
1897 4404 1940 4443 α,
1973 4402 2034 4448 7;
2078 4400 2182 4447 170,
2211 4387 2261 4435 ll.
2295 4403 2470 4437 ‘zo—1.
