3293 5233
342 386 459 457 IV.
501 390 792 478 ¹7-19]
1060 406 1143 459 m
1192 407 1297 462 ΕΡ.
1342 407 1445 460 An
1492 405 2041 462 rmmppmsas.
2630 407 2752 475 251

341 573 455 640 illa
483 596 657 660 quae
685 577 779 642 ad
804 597 962 643 usus
994 579 1512 645 necessabantur
1552 579 1860 646 misistis!
1950 581 2107 644 nam
2149 578 2332 665 quod
2373 578 2552 645 dixit
2591 599 2759 644 com·

341 681 722 746 municastis
761 683 832 746 in
877 685 1192 748 rationem
1236 684 1384 747 dati
1422 695 1485 748 et
1524 685 1770 766 accepti,
1802 682 1929 747 hoc
1970 683 2147 761 dicit,
2180 705 2315 749 non
2347 685 2504 767 quia
2533 682 2757 767 aliqua

339 781 608 863 quidem
644 783 784 867 ipse
813 785 1015 862 dedit,
1048 785 1178 850 alia
1215 807 1373 849 uero
1418 786 1530 868 illi,
1564 788 1681 851 sed
1725 788 1906 871 quod
1953 788 2044 851 illi
2093 787 2365 870 quidem
2411 787 2754 861 dederunt,

340 882 481 964 ipse
513 905 670 948 uero
700 888 1043 969 acceperit.
1137 888 1711 954 ‘communionem
1758 890 1898 955 dati
1941 901 2011 955 et
2055 888 2344 971 accepti'
2388 889 2518 952 hoc
2561 886 2754 964 dixit,

340 1004 420 1046 eo
464 987 644 1067 quod
691 987 785 1050 illi
831 989 1103 1071 quidem
1148 990 1494 1068 dederunt,
1529 992 1673 1076 ipse
1715 1012 1875 1056 uero
1915 993 2189 1075 accepit.
2281 1000 2350 1054 et
2380 991 2619 1055 iterum
2651 1010 2755 1053 os-
2835 992 2865 1059 5

341 1089 637 1166 tendens,
669 1093 986 1174 quoniam
1019 1114 1153 1157 non
1190 1114 1310 1176 pro
1344 1093 1470 1157 illis
1501 1115 1676 1177 quae
1707 1095 1869 1159 data
1901 1096 2025 1159 sibi
2058 1094 2324 1158 fuerunt
2355 1095 2483 1158 ista
2513 1094 2674 1157 dicit
2701 1116 2715 1157 ε

470 1254 595 1296 non
623 1235 780 1317 qnia
821 1236 1078 1319 requiro
1115 1236 1362 1314 datum,
1391 1237 1510 1301 sed
1546 1237 1804 1321 requiro
1829 1239 2152 1321 fructum,
2194 1236 2311 1319 qui
2350 1235 2644 1302 abundat
2685 1237 2757 1303 in

339 1337 653 1403 rationem
685 1349 985 1402 uestram.

473 1457 633 1522 ‘hoc
665 1458 815 1523 dico
850 1458 1116 1543 (inquit)
1144 1479 1276 1521 non
1309 1468 1581 1542 propter
1610 1457 1723 1522 illa
1753 1479 1923 1542 quae
1955 1459 2114 1522 data
2145 1467 2316 1533 sunt,
2347 1457 2464 1522 sed
2498 1459 2757 1524 institu-

342 1568 487 1623 tum
533 1570 827 1623 uestrum
869 1555 1217 1636 conlaudO,
1249 1562 1435 1624 cuius
1467 1560 1809 1624 euidentes
1850 1569 2007 1623 sunt
2046 1568 2114 1624 et
2160 1558 2430 1622 fructus,
2519 1558 2757 1621 dantes
2795 1575 2873 1623 10

341 1664 518 1727 enim
553 1664 833 1727 multam
864 1664 1057 1727 uobis
1086 1664 1470 1727 mercedum
1502 1662 2005 1727 retributionem
2030 1659 2446 1745 prouidistis.’
2515 1661 2758 1725 deinde

341 1766 625 1830 adiecit:

468 1905 662 1971 liabeo
718 1915 933 1972 aulem
991 1909 1212 1973 omnia
1257 1919 1321 1972 et
1374 1907 1629 1974 abundo
1646 1931 1678 1984 ,·
1735 1908 2003 1991 repletus
2057 1927 2223 1985 sum,
2274 1906 2620 1991 suscipiens
2674 1908 2759 1973 ab

338 2010 782 2093 Epaphrodito
810 2032 972 2093 quae
1000 2034 1043 2075 a
1073 2013 1252 2078 uobis
1281 2012 1482 2077 missa
1510 2022 1681 2089 sunt,
1703 2012 1953 2076 odorem
1975 2011 2343 2089 suavitatis,
2367 2011 2757 2096 sacrificium

336 2119 717 2201 acceptabile,
751 2116 1170 2201 beneplacens
1197 2113 1347 2181 Deo.
2794 2129 2864 2196 15

472 2248 821 2329 ‘quoniam
874 2246 1100 2309 omnia
1159 2245 1373 2328 recepi
1435 2265 1610 2328 quae
1672 2264 1713 2308 a
1773 2243 1963 2309 uobis
2027 2244 2230 2307 missa
2282 2253 2476 2322 sunt;
2542 2244 2757 2326 magis

340 2356 564 2412 autem
597 2359 666 2413 et
696 2349 1019 2433 ampliora
1050 2350 1326 2430 suscepi,
1360 2369 1531 2430 quae
1561 2368 1681 2431 per
1719 2345 2253 2429 Epaphroditum
2297 2366 2338 2409 a
2382 2344 2573 2408 uobis
2619 2343 2756 2410 fue-

339 2461 488 2515 rant
521 2451 756 2517 missa.'
843 2451 1204 2515 ostendens
1235 2454 1552 2533 quoniam
1584 2462 1653 2515 et
1685 2450 1928 2515 multas
1961 2449 2088 2514 illis
2119 2450 2317 2516 refert
2346 2452 2593 2534 gratias
2634 2473 2756 2536 pro

337 2555 576 2638 quibus
622 2556 964 2631 dederunt,
1013 2554 1428 2638 propositum
1476 2554 1742 2619 illorum
1792 2554 1942 2638 plus
1996 2553 2485 2638 praehonorans
2552 2579 2753 2642 quam

338 2658 450 2721 illa
487 2679 658 2741 quae
704 2660 907 2722 missa
950 2668 1125 2722 sunt.
1216 2669 1363 2722 orat
1408 2670 1632 2723 autem
1682 2680 1801 2741 pro
1848 2658 1993 2736 illis,
2041 2670 2116 2724 ut
2160 2660 2550 2726 sacrificium
2598 2664 2871 2728 bonizo

337 2759 557 2822 odoris
608 2760 719 2822 illa
768 2761 912 2841 ipsa
957 2770 1111 2823 ante
1163 2760 1383 2821 Deum
1437 2760 1820 2841 adpareant,
1863 2780 2144 2843 quorum
2191 2762 2440 2844 recepit
2482 2764 2753 2845 quidem

339 2863 772 2944 propositum,
806 2864 1107 2925 retribuit
1139 2882 1296 2925 uero
1329 2863 1424 2924 eis
1456 2861 1636 2924 illam
1671 2883 1842 2944 quae
1871 2884 1912 2925 a
1944 2884 2015 2925 se
2047 2873 2190 2927 erat
2219 2865 2543 2945 gratiam:

467 2996 648 3059 Deus
693 3007 908 3058 antem
956 3016 1131 3058 meus
1173 2996 1412 3076 repleat
1450 3016 1700 3058 omnem
1746 2997 2170 3061 necessitatem
2215 3008 2501 3062 uestram
2544 3020 2757 3064 secun-

337 3097 494 3160 dum
525 3097 803 3161 diuitias
830 3118 985 3160 snas
1014 3098 1084 3160 in
1105 3097 1328 3180 gloria
1360 3098 1429 3160 in
1467 3098 1724 3164 Christo
1753 3097 1917 3161 Iesu.

469 3236 615 3290 orat
646 3246 766 3308 pro
800 3225 945 3299 illis,
979 3235 1052 3289 ut
1084 3235 1150 3287 et
1182 3226 1543 3287 secundum
1572 3234 1987 3307 praesentem
2021 3224 2228 3288 uitam
2254 3226 2469 3289 omnis
2495 3227 2753 3290 illorum
2785 3241 2820 3287 2
2831 3237 2861 3304 5

440 3404 460 3437 1
498 3387 775 3437 necessaria
812 3386 1125 3436 habebantur
1152 3387 1195 3435 C
1216 3388 1363 3447 (corr)
1429 3402 1629 3435 necesse
1652 3386 1963 3435 habebantur
1985 3384 2049 3450 r}
2080 3387 2305 3436 missistis
2333 3388 2378 3436 C
2395 3388 2543 3447 (corr)
2573 3387 2581 3452 Ι
2612 3404 2753 3437 num-

337 3471 457 3535 quid
485 3471 601 3533 (Jbr
631 3484 746 3517 nam
770 3470 925 3532 quod)
952 3486 983 3517 r
1176 3489 1206 3531 4
1239 3469 1471 3532 acciperit
1503 3468 1572 3516 C*
1642 3468 1888 3532 acciperet
1911 3485 1944 3516 r
2142 3484 2194 3518 11
2232 3470 2459 3519 mercede
2488 3468 2558 3518 C*
2626 3486 2752 3519 mer-

335 3553 471 3601 cedis
500 3554 542 3601 C
562 3554 712 3611 (corr)
738 3553 1017 3601 mercedem
1046 3551 1111 3600 H
1121 3569 1153 3600 r
1178 3549 1185 3613 Ι
1217 3559 1264 3600 et
1291 3551 1389 3613 (ast
1409 3552 1708 3611 mercedem)
1733 3552 1838 3599 odd
1854 3566 1886 3598 r
2084 3565 2140 3599 12
2176 3551 2328 3601 adicit
2356 3553 2399 3600 C
2598 3567 2654 3615 17
2689 3556 2755 3602 ab

338 3635 720 3699 Ephasroditum
742 3650 773 3683 a
794 3635 939 3683 uobis
962 3635 1111 3683 missa
1134 3633 1326 3683 fuerant
1349 3634 1414 3682 H
1608 3648 1666 3698 19
1704 3633 2039 3697 praehonoras
2067 3633 2137 3682 C*
2336 3650 2394 3684 21
2433 3635 2608 3699 recipit
2631 3652 2664 3683 r

406 3795 448 3830 1.
520 3779 909 3840 necessobantzer]
976 3782 1071 3829 See
1104 3796 1183 3827 vv.
1209 3779 1261 3827 11.
1294 3780 1394 3828 and
1429 3780 1492 3828 cf.
1597 3778 1768 3841 Vulg.,
1799 3776 2243 3828 “abundantem.''

335 3869 504 3924 supra,
538 3878 585 3925 p.
617 3876 727 3924 229,
754 3862 787 3908 l.
819 3876 863 3922 5.
938 3861 1150 3908 Venant.
1195 3860 1398 3907 Fortun.
1439 3859 1497 3905 de
1699 3876 1773 3908 11.
1841 3862 2113 3909 mercedum
2145 3862 2339 3922 retr-ib]
2412 3860 2503 3921 τὴν
2538 3863 2752 3922 ἀντιμισ-

337 3960 383 3993 v.
414 3946 468 3991 S.
496 3943 722 3991 Alartini
743 3942 795 3990 ii.
823 3958 946 4004 412²
987 3941 1133 3990 “nisi
1156 3941 1289 4005 quod
1315 3950 1493 3988 natura
1596 3943 1705 3990 θίαν
1732 3943 1789 4000 (s.
1813 3940 2235 4004 μισθαποδοσίαν).

336 4023 666 4075 necessat.’'
1666 4038 1741 4082 14.
1779 4023 2072 4086 socm'ficium
2090 4040 2185 4073 acc.
2206 4024 2543 4087 beneplacens]
2579 4025 2754 4089 Vulg„

403 4123 447 4155 α.
484 4123 582 4154 non
598 4107 714 4169 quia
729 4106 900 4169 aliqua
914 4103 1372 4169 qmilcmrpsa‚&c.]
1396 4103 1491 4151 Th.
1600 4104 1863 4152 “hostiam
1909 4112 2185 4167 acceptam,
2232 4105 2563 4167 placentem.”
2651 4108 2692 4155 F
2696 4126 2753 4156 or

336 4188 449 4237 thus
488 4188 663 4251 rejects
700 4187 783 4235 the
816 4187 1191 4251 interpretation
1227 4186 1286 4234 of
1313 4185 1489 4247 Chrys.
1592 4186 1889 4248 acceptabilis
1943 4202 2024 4234 see
2081 4186 2299 4244 Ronsch,
2345 4187 2495 4248 Itala,
2543 4204 2593 4251 p.
2644 4205 2752 4253 ω’).

336 4270 673 4333 (ἐκοινώνησαν
685 4271 749 4317 εἰς
767 4270 915 4329 λόγον
932 4270 1106 4318 δόσεως
1124 4268 1216 4316 τῶν
1230 4269 1485 4329 σαρκικῶν,
1593 4267 1921 4314 Necessitatem
1948 4267 2185 4328 (χρείαν);
2221 4267 2392 4331 νιιΙς.,
2420 4269 2723 4320 ιίεςιὶίενίιυη.

333 4354 409 4398 καὶ
448 4353 640 4412 λήψεως
675 4350 770 4397 τῶν
809 4348 1166 4410 πνευματικῶν)
1194 4352 1293 4399 and
1323 4350 1485 4413 Pelag.
1662 4360 1741 4409 25.
1787 4365 1870 4397 sec.
1900 4357 2064 4411 praes.
2103 4348 2287 4409 uitam]
2353 4349 2528 4409 Thdt.,
2567 4366 2631 4399 on
2666 4353 2756 4403 the

336 4435 388 4491 (“
408 4433 580 4481 dantes
603 4431 818 4480 carnalia
842 4432 1117 4494 spiritualia
1139 4432 1400 4495 accepistis
1418 4432 1486 4490 ”).
1593 4440 1850 4493 contrary:
1888 4432 1970 4478 τὸν
2002 4428 2280 4493 ἐπουράνιον
2314 4427 2472 4481 αὐτοῖς
2505 4429 2757 4483 durabim-

404 4530 445 4576 7.
517 4515 606 4579 qui
672 4514 915 4577 abutulat]
980 4516 1065 4562 τὸν
1137 4515 1485 4578 πλεονάζοντα.
1595 4530 1676 4560 κεν
1699 4512 1925 4563 πλοῦτον.
