3293 5233
333 353 413 419 V.
455 352 574 442 16.]
1154 370 1240 422 m
1288 370 1391 422 ΕΡ.
1439 369 1542 421 AD
1587 368 1940 421 GALATAS.
1983 450 1989 456 ·

2665 362 2751 435 97

335 540 724 629 inpossibile
776 547 899 622 est,
930 556 1255 631 quantum
1291 549 1376 612 ad
1420 547 1728 612 homines
1769 546 2049 613 uidetur.
2140 540 2320 630 quod
2365 529 2525 629 apte
2554 529 2751 608 'com-

334 648 574 729 posuit,
607 648 838 713 dicens
868 651 935 713 in
968 650 1540 733 praecedentibuS,
1573 649 1896 715 mordetis.
1988 670 2141 712 nam
2179 648 2464 711 morderi
2498 648 2753 710 interea

334 768 438 811 res
479 750 745 832 patitur.
839 761 908 817 et
949 754 1106 834 quia
1147 772 1440 816 morsum
1482 752 1655 817 solet
1697 752 1884 834 sequi
1927 773 2078 816 esca
2117 759 2184 815 et
2223 751 2522 814 consumi
2561 748 2750 831 (illud

335 858 558 915 autem
593 854 775 934 quod
803 855 1260 928 manducatur,
1284 858 1656 919 necessario
1682 865 1748 918 et
1772 855 2183 918 consumitur
2207 859 2273 915 et
2298 852 2749 935 expenditur),

337 973 470 1016 non
521 953 801 1041 [autem]
851 959 936 1021 de
982 958 1255 1021 homine
1300 959 1368 1023 id
1419 958 1552 1021 fieri
1601 960 1813 1036 solet;
1861 979 2020 1041 ergo
2070 959 2354 1040 primum
2414 956 2580 1020 illud
2635 977 2751 1039 po-

334 1056 480 1133 suit,
500 1061 680 1141 quod
715 1061 853 1123 fieri
886 1070 1165 1144 poterat.
1211 1061 1455 1125 deinde
1480 1064 1832 1126 coniunxit
1866 1061 1976 1124 illa
2009 1083 2181 1143 quae
2211 1061 2297 1124 de
2327 1061 2557 1124 ordine
2589 1081 2751 1142 quo·

334 1162 491 1225 dam
526 1164 915 1227 naturaliter
952 1164 1088 1228 fieri
1132 1175 1460 1248 poterant,
1490 1176 1565 1228 ut
1609 1187 1698 1228 ex
1742 1165 2069 1228 dictorum
2113 1165 2343 1227 ordine
2384 1165 2587 1227 etiam
2636 1164 2749 1227 illa

333 1285 507 1347 quae
553 1266 817 1331 dixerat
864 1269 1234 1330 necessario
1276 1268 1714 1341 confirmaret,
1762 1277 1829 1331 et
1873 1269 2054 1351 quod
2107 1267 2461 1331 uidebatur
2505 1268 2571 1330 in
2620 1268 2750 1357 illis

333 1390 479 1433 esse
535 1369 931 1433 insuadibile
991 1370 1320 1433 dictorum
1393 1371 1854 1452 subterfugere
1928 1371 2266 1433 uideretur
2341 1371 2747 1433 iactantiam.

337 1470 480 1533 uult
525 1480 754 1533 autem
799 1470 1017 1534 dicere
1065 1473 1381 1554 quoniam
1435 1468 1576 1551 †‘si
1611 1471 1950 1534 uolueritis
1996 1471 2314 1534 aduersus
2359 1470 2748 1535 alterutrum

336 1572 431 1635 sic
464 1572 882 1653 pertinaciter
910 1574 1331 1649 contendere,
1364 1595 1496 1637 non
1529 1574 1748 1638 solum
1794 1574 1955 1637 nihil
1997 1574 2401 1637 adiuuabitis
2444 1574 2595 1637 illos
2637 1577 2749 1656 qui

339 1684 800 1754 peccauerunt,
855 1676 971 1739 sed
1023 1697 1062 1740 e
1110 1678 1442 1740 contrario
1490 1676 1744 1740 alienos
1805 1696 1919 1739 eos
1972 1697 2012 1738 a
2073 1676 2326 1757 pietate
2376 1676 2749 1758 perficietiS,

339 1777 901 1859 praeeligentibus
947 1780 1199 1843 interea
1244 1780 1374 1842 illis
1419 1779 1545 1844 hoc
1596 1781 1940 1855 sustinere,
1989 1789 2264 1862 propter
2308 1781 2751 1844 contentionis

340 1887 599 1942 uestrae
647 1882 1149 1946 enormitatem.’
1240 1882 1419 1965 quod
1453 1894 1518 1948 et
1551 1884 1723 1946 bene
1752 1882 2126 1945 ‘consumi’
2162 1882 2403 1963 posuit,
2436 1904 2516 1946 eo
2570 1884 2750 1965 quod

338 1979 462 2042 scit
493 1978 873 2045 huiusmodi
908 2004 1008 2047 res
1055 1995 1394 2065 peractam
1438 1986 1951 2050 minorationem
2000 1987 2066 2048 in
2113 1987 2449 2048 communi
2495 1984 2748 2061 inferre,

339 2102 490 2147 cum
544 2086 818 2166 quidam
867 2109 908 2151 a
962 2090 1213 2171 pietate
1254 2087 1667 2153 discedunt*
1758 2097 1825 2152 et
1871 2088 1998 2152 hoc
2030 2089 2255 2152 dicens
2302 2088 2386 2151 ad
2422 2091 2749 2170 integram

339 2189 629 2269 primum
676 2193 1097 2273 progreditur
1141 2193 1532 2257 doctrinam.
1625 2193 1871 2256 deinde
1917 2194 2188 2260 recurrit
2232 2193 2469 2257 iterum
2516 2194 2602 2259 ad
2637 2193 2751 2258 illa

338 2311 511 2371 quae
541 2295 886 2376 proposita
914 2295 1042 2358 sibi
1074 2306 1297 2359 erant:

466 2435 605 2498 dico
647 2446 863 2503 autem
884 2460 909 2503 :
957 2438 1219 2521 Spiritu
1262 2439 1603 2516 ambulate,
1648 2452 1713 2504 et
1751 2440 2140 2506 desiderium
2181 2444 2401 2506 carnis
2447 2464 2571 2506 non
2601 2455 2750 2527 per-

323 2540 577 2624 ficietis

472 2740 531 2805 εἰ
548 2741 825 2821 μέλλετε
853 2741 1018 2829 πρὸς
1049 2743 1381 2826 ἀλλήλους
1411 2742 1611 2815 οὔτως
1640 2748 2027 2829 φιλονεικεῖν
2065 2741 2426 2821 ἅνενδότως,
2456 2743 2528 2808 οὗ
2558 2746 2755 2825 μόνον

341 2841 522 2910 οὐδὲν
551 2844 860 2929 ὠφελεῖτε
904 2844 1046 2917 τοὺς
1086 2847 1597 2930 ἁμαρτάνοντας,
1629 2845 1810 2911 ἀλλὰ
1844 2846 1974 2932 σγὰρ
2018 2844 2384 2911 τούναντίον
2425 2847 2545 2930 ἔξω
2594 2876 2753 2914 παν·

342 2952 541 3018 τελῶς·
583 2950 886 3032 ’γενέσθαι
931 2949 1159 3020 αὐτοὺς
1194 2955 1305 3030 τῆς
1345 2948 1679 3029 εὐσεβείας
1709 2947 2255 3035 παρασκευάζετε.
2318 2948 2351 3014 ὃ
2392 2954 2500 3015 καὶ
2539 2955 2755 3024 καλῶς

345 3050 973 3119 ιἁνιι.λιόἰ<,·εσθαι’
1023 3054 1345 3132 ἐκάλεσεν,
1380 3051 1492 3119 ἅτε
1538 3052 1611 3134 δ’)
1648 3054 1915 3135 μείωσιν
1956 3050 2392 3140 ἐργαζομένων
2432 3057 2526 3140 τῷ
2568 3059 2757 3142 κοινῷ

341 3158 468 3223 τῶν
498 3161 611 3239 τῆς
641 3155 977 3235 εὐσεβείας
1006 3157 1539 3244 ἀποχωρούντων.

443 3316 567 3367 3-5
604 3303 830 3353 consumi
864 3318 965 3351 non
1000 3304 1065 3352 de
1097 3301 1301 3351 homine
1335 3303 1386 3350 id
1423 3302 1527 3352 fieri
1562 3303 1688 3350 solet
1726 3302 1899 3358 (soleat
1935 3303 2014 3360 H)
2048 3301 2169 3350 illud
2208 3302 2278 3360 (id
2313 3302 2399 3362 Η)
2432 3309 2595 3350 autem
2620 3303 2755 3366 quod

341 3386 667 3435 manducatur
691 3386 967 3434 necessario
992 3385 1121 3443 (nec.
1151 3400 1228 3431 om
1253 3385 1342 3442 ΙΙ)
1375 3393 1423 3433 et
1447 3400 1582 3433 cons.
1614 3392 1664 3433 et
1687 3400 1817 3448 exp„
1846 3400 1980 3447 ergo,
2009 3385 2097 3432 ἃς.
2128 3385 2170 3431 C
2183 3385 2247 3431 ll
2467 3381 2497 3431 6
2531 3385 2594 3432 (le
2611 3401 2687 3432 om
2717 3387 2760 3434 C

348 3481 399 3515 ιι
438 3467 699 3530 solumque
727 3466 772 3514 C
905 3481 975 3532 13,
1009 3481 1066 3527 ¹4
1100 3465 1444 3513 contentiones
1469 3471 1656 3512 uestras
1685 3465 1753 3513 C*
1866 3479 1921 3525 15
1960 3465 2009 3512 in
2034 3464 2258 3512 oratione
2286 3464 2329 3512 C
2349 3465 2676 3516 minoratione
2699 3466 2767 3513 H

341 3565 399 3600 τι
428 3566 503 3614 sq.
547 3550 702 3600 Colsl.
734 3563 845 3610 204,
876 3548 907 3598 f.
936 3562 998 3610 40
1021 3563 1052 3596 a
1078 3547 1183 3608 [Cr.
1212 3547 1279 3595 vi.
1309 3547 1387 3607 81,
1414 3546 1496 3594 Fr.
1528 3546 1639 3611 ¹²9]
1666 3547 1905 3606 θεόδωρος.
2004 3545 2150 3598 ἄλλος
2183 3547 2235 3594 δέ
2269 3553 2437 3606 φησιν·
2462 3549 2506 3595 εἰ
2529 3549 2751 3607 μέλλετε,

343 3635 494 3682 κ.τ.λ.

409 3759 454 3807 3.
546 3752 592 3793 et
626 3745 861 3803 consumi,
900 3744 1032 3792 illud
1068 3751 1247 3803 autem,
1291 3742 1402 3805 ἃς]
1471 3743 1497 3791 1
1673 3761 1744 3804 14·
1807 3760 1857 3791 eo
1900 3745 2033 3810 quod
2069 3745 2167 3802 scit,
2215 3744 2331 3806 ἃς]
2389 3746 2526 3794 Pitra
2580 3746 2755 3796 reads:

339 3826 469 3877 have
505 3829 742 3877 ventured
777 3835 829 3877 to
863 3829 1037 3892 depart
1074 3828 1199 3875 from
1235 3826 1318 3875 the
1353 3827 1500 3874 order

341 3911 401 3959 of
428 3912 512 3960 the
537 3913 715 3967 MSS.,
750 3911 801 3960 in
835 3911 997 3960 which
1033 3910 1117 3959 the
1149 3918 1250 3958 text
1289 3925 1499 3973 appears

342 4003 395 4042 to
420 3993 547 4042 have
571 3993 721 4042 fallen
744 3994 849 4041 into
873 3993 1128 4042 confusion
1154 4001 1203 4041 at
1223 3993 1320 4041 this
1339 3994 1498 4056 point,

342 4074 589 4137 probably
633 4072 848 4134 through
893 4072 978 4122 the
1028 4073 1262 4122 omission
1314 4076 1364 4120 ot
1418 4072 1500 4120 the

341 4156 506 4204 words
531 4169 630 4202 non
653 4169 699 4202 α.
726 4154 784 4200 de
803 4153 997 4201 homine
1017 4154 1124 4217 idf
1147 4171 1184 4202 s.
1215 4155 1280 4215 by
1297 4170 1326 4201 a
1350 4170 1499 4216 copy-

341 4235 403 4285 ist
434 4236 604 4298 prima
640 4250 813 4293 manu,
842 4234 940 4281 and
966 4233 1092 4282 their
1116 4234 1350 4282 insertion
1386 4234 1435 4281 in
1469 4248 1500 4280 a

343 4333 516 4381 wrong
550 4316 692 4381 place
727 4316 794 4377 by
827 4314 911 4362 the
950 4321 1206 4362 corrector.
1279 4313 1392 4363 The
1425 4329 1499 4362 se-

343 4397 472 4445 cond
496 4404 660 4445 aulem
691 4395 855 4444 would
893 4394 942 4443 in
977 4394 1077 4444 this
1110 4410 1222 4443 case
1256 4393 1500 4457 naturally

342 4477 621 4540 disappear.

516 4590 568 4638 S.

1603 3829 1717 3874 “eo
1741 3826 1875 3889 quod
1900 3825 2181 3873 huiusmodi
2218 3843 2293 3875 res
2329 3835 2578 3890 peractam
2615 3843 2754 3875 uora-

1602 3908 1786 3956 tionem
1817 3907 1865 3956 in
1889 3909 2138 3956 communi
2166 3909 2339 3957 inferre
2365 3909 2555 3968 [solet];
2573 3907 2600 3928 ”
2637 3909 2753 3957 with

1604 3988 1690 4036 the
1733 3997 1851 4036 note
1902 3987 2031 4036 “uel
2077 3990 2259 4036 omissa
2305 3989 2383 4036 uel
2431 3989 2755 4037 interturbata

1603 4069 1843 4116 nonnulla
1887 4079 2000 4117 sunt
2045 4085 2172 4132 quae
2220 4070 2471 4118 restituere
2509 4079 2614 4117 tuto
2654 4087 2753 4119 non

1603 4147 1789 4196 ualui.’'
1857 4150 1995 4197 With
2021 4150 2104 4198 the
2128 4151 2244 4214 help
2269 4150 2326 4199 os
2353 4152 2435 4199 the
2459 4152 2623 4200 Greek
2657 4154 2754 4201 and

1603 4230 1661 4278 os
1680 4230 1761 4278 the
1787 4231 1976 4293 IIarley
2002 4232 2110 4281 MS.
2144 4232 2222 4289 (cf.
2256 4248 2333 4280 vv.
2360 4232 2434 4290 ll.)
2463 4235 2753 4283 restoration

1601 4311 1644 4360 is
1678 4327 1809 4374 easy.
1876 4312 1975 4359 For
2009 4314 2284 4372 minoratio,
2314 4329 2394 4361 see
2431 4330 2477 4377 p.
2514 4331 2584 4379 ιι),
2609 4316 2641 4363 l.
2681 4332 2753 4373 η,

1602 4403 1733 4442 note.
1808 4394 1946 4442 Here
1968 4395 2003 4442 it
2031 4396 2305 4452 Ξμείωσιςε
2341 4396 2518 4456 below,
2549 4399 2597 4447 in
2626 4399 2753 4448 Phil.

1602 4475 1651 4523 ἰί.
1686 4487 1762 4538 29,
1787 4474 1853 4521 iv.
1887 4487 1956 4533 ΙΙ,
1987 4475 2246 4536 ὑστέρημα,
2277 4475 2540 4537 ι’νστέρησις.

2548 4593 2584 4656 7

2786 1478 2862 1524 10

2781 2541 2865 2588 20

2783 3159 2858 3224 25
