3293 5233
309 381 425 447 IV.
470 378 762 462 11-15,]
1047 390 1128 439 m
1179 389 1281 437 ΕΡ.
1330 389 1432 437 AD
1479 385 2000 438 conossssNSEs.

2601 388 2728 453 309

304 559 531 625 rateis
564 559 1022 643 euangelium3
1066 578 1284 641 neque
1323 578 1365 623 a
1404 551 1495 634 se,
1524 557 1706 642 quod
1753 556 1893 622 fieri
1938 576 2071 621 non
2119 564 2382 641 poterat
2425 575 2507 623 eo
2547 558 2728 642 quod

305 660 591 725 necdum
624 661 884 725 uiderat
915 680 1048 726 eos,

432 830 497 883 et
520 818 606 883 H
602 819 768 883 iesus
794 819 914 903 qui
938 820 1183 883 a'z'citur
1208 819 1448 895 Iustus,
1480 818 1599 901 qui
1634 829 1793 882 sunt
1833 840 1911 882 ex
1939 819 2411 884 circumcisione
2427 845 2458 897 ,·
2501 821 2579 885 hi
2609 821 2736 885 soli

301 936 458 990 sunt
482 923 832 1007 cooperarii
859 923 988 986 mei
1015 923 1083 985 in
1116 943 1386 1006 regnum
1416 922 1562 1000 Dei,
1593 922 1712 1005 qui
1721 922 1905 1004 facti
1926 933 2083 986 sunt
2110 924 2279 987 mihi
2301 925 2623 990 sohtiuin.

436 1061 680 1125 salutat
712 1080 826 1122 eos
858 1067 926 1123 et
957 1059 1044 1123 ab
1080 1060 1312 1134 Hiesu‚
1344 1059 1457 1141 qui
1503 1058 2016 1140 cognominatur
2058 1058 2299 1124 Iustus,
2386 1058 2511 1123 hos
2556 1061 2730 1124 solos
2808 1064 2837 1131 5

306 1163 469 1228 dicit
506 1164 592 1227 de
635 1149 762 1225 illis
826 1162 940 1245 qui
986 1183 1075 1226 ex
1121 1161 1618 1225 circumcisione
1671 1161 2091 1225 crediderunt
2142 1164 2559 1244 cooperarios
2606 1164 2731 1228 sibi

307 1285 451 1329 esse
481 1265 547 1327 in
582 1262 931 1346 euangelio
956 1284 972 1341 ς
1019 1283 1187 1345 quos
1219 1271 1287 1326 et
1319 1262 1629 1325 solatium
1663 1262 1787 1325 sibi
1819 1262 2201 1344 praebuisse
2230 1264 2424 1328 dixit.

434 1423 688 1486 salutat
719 1441 833 1484 uos
875 1418 1225 1503 Epaphras
1267 1419 1384 1502 qui
1425 1440 1505 1483 ex
1549 1418 1728 1483 uobis
1770 1428 1878 1495 est,
1922 1441 2150 1482 seruus
2194 1418 2455 1499 Christi,
2495 1433 2739 1505 semper

306 1522 618 1587 sollicitus
630 1533 758 1605 pro
788 1523 968 1587 uobis
998 1521 1068 1585 in
1097 1520 1509 1598 orationibus,
1536 1507 1818 1584 utstetis
1829 1520 2107 1602 perfecti
2122 1531 2185 1584 et
2213 1522 2432 1604 repleti
2459 1522 2529 1584 in
2558 1522 2741 1585 omni

309 1628 636 1691 uoluntate
680 1625 824 1689 Dei.
923 1625 1361 1690 testimonium
1416 1624 1683 1709 (inquit)
1728 1624 2024 1708 perhibeo
2069 1626 2145 1701 ei,
2197 1627 2500 1709 quoniam
2551 1628 2738 1693 habet
2772 1643 2849 1691 ιο

312 1731 590 1794 multum
630 1731 840 1793 zelum
870 1741 998 1812 pro
1046 1728 1226 1793 uobis
1273 1739 1337 1791 et
1369 1740 1497 1812 pro
1540 1729 1648 1792 leis
1693 1728 1812 1811 qui
1862 1728 1932 1791 in
1976 1727 2294 1793 Laodicia
2335 1740 2492 1793 sunt
2533 1741 2595 1794 et
2644 1732 2738 1794 eis

309 1834 427 1917 qui
455 1834 524 1896 in
553 1832 912 1914 Hierapoli.

441 1958 684 2023 deinde
734 1957 983 2022 salutat
1035 1978 1151 2022 eos
1204 1959 1290 2022 ab
1346 1956 1666 2040 Epaphra
1717 1960 1830 2041 qui
1886 1959 2293 2042 praedicauit
2342 1959 2454 2033 εἰς,
2510 1959 2737 2023 dicens

284 2060 1155 2144 ‚multam-sollicitudinem
1205 2061 1454 2125 habere
1492 2079 1654 2124 ‘eum
1691 2064 1777 2125 de
1826 2063 1936 2141 εἰς,
1981 2064 2074 2127 ita
2126 2073 2202 2127 ut
2248 2074 2391 2127 oret
2438 2074 2511 2128 ut
2564 2063 2736 2127 firmi

314 2176 748 2248 permaneant
780 2166 843 2228 in
877 2164 1026 2230 fide.
1116 2165 1277 2229 dicit
1308 2165 1485 2228 enim
1519 2165 1865 2248 apostolus
1905 2167 2362 2231 testimonium
2394 2165 2739 2250 perhibere
2776 2186 2844 2252 15

315 2266 395 2341 ei,
438 2286 641 2348 quam
690 2266 973 2329 multam
1019 2266 1537 2329 sollicitudinem
1593 2267 1679 2331 de
1740 2268 1866 2331 illis
1924 2267 2145 2344 habet,
2195 2289 2451 2332 necnon
2499 2278 2567 2333 et
2611 2269 2738 2334 illis

315 2369 428 2453 qui
459 2371 524 2433 in
560 2369 880 2433 Laodicia
910 2379 1067 2434 sunt
1097 2381 1166 2434 et
1198 2371 1263 2433 in
1301 2370 1670 2452 Hierapoli,

442 2536 692 2599 salutat
718 2556 831 2598 uos
858 2532 1092 2609 Lucas,
1123 2532 1404 2596 medicus
1429 2529 1826 2607 carissimus,
1855 2541 1918 2594 et
1943 2529 2210 2594 Demas.

446 2671 693 2735 salutat
724 2690 837 2734 eos
869 2680 937 2733 et
967 2690 1009 2731 a
1041 2670 1226 2732 Luca
1256 2669 1533 2745 mediCO‚
1566 2669 1680 2751 qui
1712 2667 2133 2751 euangelium
2165 2669 2570 2752 conscripsit,
2591 2691 2740 2734 nec·

319 2791 451 2835 non
486 2781 553 2836 et
588 2772 825 2835 Dema.
914 2770 1159 2833 deinde
1190 2770 1417 2834 scribit
1446 2771 1581 2835 eis:
2771 2782 2855 2831 20

445 2919 725 2982 salutate
758 2940 857 2981 eos
895 2916 1014 3000 qui
1052 2916 1120 2979 in
1150 2916 1467 2980 Laodicia
1504 2927 1664 2981 sunt
1683 2918 1963 3000 fratres,
1993 2927 2058 2980 et
2084 2916 2167 2979 N
2147 2918 2479 2999 ympham,
2510 2927 2573 2980 et
2597 2938 2738 2982 eam

318 3038 482 3102 quae
508 3019 579 3082 in
609 3019 794 3083 domo
820 3040 1038 3082 eorum
1068 3029 1163 3082 est
1188 3018 1524 3084 ecclesiam.

424 3230 443 3265 1
483 3213 618 3265 enim
650 3215 758 3264 add
789 3212 1127 3279 CHrlnon
1158 3230 1237 3265 om
1276 3214 1346 3263 C*

328 3310 381 3346 11
420 3295 748 3345 eorumCH
944 3295 1000 3346 16
1036 3296 1108 3345 eis
1148 3296 1322 3345 CHr

320 3381 424 3430 add
445 3382 570 3432 CH
584 3385 592 3440 Ι
625 3378 906 3443 Nimpham
939 3377 984 3425 C
1044 3377 1286 3441 Nymfam
1308 3378 1378 3427 H

2385 3232 2444 3269 ιο
2474 3217 2681 3270 haberet
2714 3238 2746 3269 r

2323 3312 2378 3348 21
2418 3306 2469 3348 et
2494 3298 2587 3364 (afl
2607 3302 2742 3361 sunt)

1596 3232 1641 3279 3,
1685 3231 1711 3279 5
1749 3218 1905 3277 Iesus,
1949 3218 2062 3268 Iesu
2099 3235 2131 3266 r

1529 3311 1583 3359 17
1623 3297 1875 3347 Laodecia
1902 3299 1945 3348 C
1972 3300 2122 3359 (corr)

321 3566 601 3634 personally
617 3564 806 3615 known
831 3572 884 3613 to
907 3564 993 3614 the
1016 3563 1317 3625 ColossianS,
1340 3562 1483 3614 takes

322 3646 515 3710 exactly
536 3645 620 3696 the
644 3646 874 3711 opposite
897 3646 1023 3694 view
1045 3663 1058 3694 z
1085 3647 1163 3693 καὶ
1177 3642 1319 3693 τοῦτο
1345 3646 1488 3704 δηλοῖ

323 3728 383 3781 ὡς
441 3730 790 3787 τεθεαμένος
850 3723 1059 3777 αὐτοῦς
1111 3729 1328 3789 ἔγραψεν
1392 3725 1482 3787 τήν

322 3807 606 3871 ἐπιστολῆν.
687 3806 815 3868 μετὰ
864 3810 963 3870 γὰρ
986 3809 1097 3867 ’τὴν
1150 3810 1484 3869 γεγενημένην

324 3896 454 3954 αὐτῷ’
476 3911 528 3942 τε
554 3893 635 3942 καὶ
658 3889 729 3952 τῷ
748 3893 966 3952 μακαρίῳ
998 3892 1233 3953 Βαρνάβᾳ
1256 3893 1366 3952 περὶ
1398 3886 1490 3940 τοῦ

327 3975 529 4039 Μάρκου
573 3975 870 4036 φιλονεικίαν
926 3971 993 4034 τῇ
1045 3974 1233 4035 Φρυγίᾳ
1288 3974 1369 4020 καὶ
1424 3968 1488 4033 τῇ

322 4059 544 4119 Γαλατίᾳ
604 4057 695 4115 τήν
764 4055 1076 4103 διδασκαλίαν
1135 4055 1479 4115 προσήνεγκεν.

325 4141 444 4189 εἰκὸς
489 4136 571 4188 οὖν
616 4139 691 4187 ὅτι
729 4134 844 4184 τότε
872 4134 960 4186 τὰς
990 4138 1099 4197 περὶ
1134 4134 1293 4185 αὐτῶν
1331 4136 1399 4198 [v.
1447 4135 1480 4185 l.

326 4221 492 4282 αὐτοῦ]
517 4222 716 4269 δέδωκεν
742 4216 957 4267 ἐντολάς.
1027 4218 1204 4282 Chrys.
1233 4217 1487 4277 (followed

324 4307 392 4369 by
414 4302 623 4369 Thpbt.)
643 4301 790 4351 offers
812 4317 843 4351 a
866 4301 996 4350 third
1017 4301 1304 4366 suggestion
1326 4319 1338 4351 :
1374 4301 1489 4351 ἴσως

326 4385 461 4450 παρὰ
485 4384 703 4448 Βαρνάβα
727 4382 927 4433 ἐντολὰς
950 4384 1144 4446 ἔλαβον.

392 4490 437 4532 4.
504 4466 783 4535 cooperarii]
818 4466 954 4517 0.L.
974 4468 1071 4516 and
1096 4466 1265 4529 Vulg.,
1300 4466 1484 4515 “adiu-

1583 3564 1771 3622 toreS,”
1829 3567 1930 3615 and
1985 3565 2062 3616 for
2115 3564 2348 3616 solatium
2405 3567 2738 3629 (παρηγορία),

1588 3651 1618 3674 “
1635 3646 1869 3696 solatio.’'

1660 3743 1733 3777 11.
1799 3728 1975 3790 zelum]
2011 3725 2171 3789 ζῆλον.
2239 3731 2308 3780 So
2340 3728 2538 3793 Chrys„
2573 3731 2742 3788 Thdt.,

1585 3810 1677 3860 ἃς.
1734 3811 1844 3859 The
1870 3812 2017 3860 Latin
2035 3812 2255 3861 versions
2275 3813 2404 3861 have
2425 3812 2707 3871 “laborem,
2720 3812 2748 3833 ”

1587 3894 1926 3956 representing
1971 3892 2130 3943 πόνον.
2198 3896 2301 3943 Pro
2343 3894 2535 3943 his-...et
2577 3911 2743 3943 corum

1589 3973 1690 4036 (w.
1713 3973 2282 4038 11.)τ-ὑπέρ...τῶν...καὶ
2304 3977 2417 4032 τῶν,
2443 3977 2590 4023 era-A.

1661 4072 1734 4122 ¹9·
1801 4058 1894 4122 qui
1919 4073 2097 4121 euang.
2121 4056 2324 4118 consen]
2390 4058 2545 4106 Thdt.
2568 4075 2580 4106 ι
2613 4054 2748 4108 οὗτος

1588 4140 1668 4186 καὶ
1711 4139 1769 4187 τὸ
1814 4139 1939 4186 θεῖον
1985 4138 2291 4199 συνέγραψεν
2336 4134 2621 4199 εὐαγγέλιον
2669 4141 2749 4187 καὶ

1589 4221 1681 4279 τὴν
1704 4221 1918 4281 ἱστορίαν
1941 4217 2036 4267 τῶν
2059 4218 2293 4280 πράξεων.

1659 4315 1737 4351 21.
1792 4302 1883 4365 qui
1923 4303 1978 4349 in
2018 4303 2079 4350 L.
2115 4308 2238 4350 sunt
2266 4300 2484 4365 fratres]
2550 4302 2659 4351 τοὺς
2697 4299 2749 4350 ἐν

1590 4382 1847 4442 Λαοδικείᾳ
1871 4378 2121 4441 ἀδελφούς.
2169 4381 2320 4445 Vulg.
2340 4384 2370 4408 “
2384 4382 2468 4445 qui
2487 4389 2600 4430 sunt
2621 4383 2751 4431 Lao-

1588 4461 1805 4511 diciae.‘’
1873 4461 1972 4510 For
2014 4477 2178 4509 eorum
2219 4462 2303 4511 the
2345 4460 2492 4510 Latin
2533 4463 2753 4511 versions
