<?xml version="1.0" encoding="UTF-8"?>
<!DOCTYPE html PUBLIC "-//W3C//DTD XHTML 1.0 Transitional//EN"
    "http://www.w3.org/TR/xhtml1/DTD/xhtml1-transitional.dtd">
<html xmlns="http://www.w3.org/1999/xhtml" xml:lang="en" lang="en">
 <head>
  <title>
</title>
<meta http-equiv="Content-Type" content="text/html;charset=utf-8" />
  <meta name='ocr-system' content='tesseract 3.04.00' />
  <meta name='ocr-capabilities' content='ocr_page ocr_carea ocr_par ocr_line ocrx_word'/>
</head>
<body>
  <div class='ocr_page' id='page_1' title='image "./theodoriepiscop00mopsgoog_0223.png"; bbox 0 0 3293 5233; ppageno 0'>
   <div class='ocr_carea' id='block_1_1' title="bbox 350 403 2759 491">
    <p class='ocr_par' dir='ltr' id='par_1_1' title="bbox 350 403 2759 491">
     <span class='ocr_line' id='line_1_1' title="bbox 350 403 2759 491; baseline 0.004 -25"><span class='ocrx_word' id='word_1_1' title='bbox 350 403 400 467; x_wconf 94' lang='grc' dir='ltr'>Ι.</span> <span class='ocrx_word' id='word_1_2' title='bbox 431 404 517 489; x_wconf 88' lang='grc'>6.]</span> <span class='ocrx_word' id='word_1_3' title='bbox 1113 418 1195 471; x_wconf 79' lang='lat' dir='ltr'>m</span> <span class='ocrx_word' id='word_1_4' title='bbox 1245 419 1348 473; x_wconf 80' lang='grc' dir='ltr'>ΕΡ.</span> <span class='ocrx_word' id='word_1_5' title='bbox 1397 420 1499 470; x_wconf 76' lang='lat' dir='ltr'>AD</span> <span class='ocrx_word' id='word_1_6' title='bbox 1546 420 1921 473; x_wconf 76' lang='lat' dir='ltr'>Eansms,</span> <span class='ocrx_word' id='word_1_7' title='bbox 2646 425 2759 491; x_wconf 83' lang='lat'>125</span> 
     </span>
    </p>
   </div>
   <div class='ocr_carea' id='block_1_2' title="bbox 255 591 2879 3062">
    <p class='ocr_par' dir='ltr' id='par_1_2' title="bbox 345 591 2774 985">
     <span class='ocr_line' id='line_1_2' title="bbox 347 591 2774 679; baseline 0.002 -24"><span class='ocrx_word' id='word_1_8' title='bbox 347 591 515 656; x_wconf 90' lang='lat' dir='ltr'>illud</span> <span class='ocrx_word' id='word_1_9' title='bbox 574 592 756 675; x_wconf 90' lang='lat' dir='ltr'>quod</span> <span class='ocrx_word' id='word_1_10' title='bbox 818 593 1028 658; x_wconf 86' lang='lat' dir='ltr'>dixit:</span> <span class='ocrx_word' id='word_1_11' title='bbox 1088 593 1411 658; x_wconf 77' lang='lat' dir='ltr'><em>benedixit</em></span> <span class='ocrx_word' id='word_1_12' title='bbox 1466 615 1582 658; x_wconf 83' lang='lat' dir='ltr'>nos</span> <span class='ocrx_word' id='word_1_13' title='bbox 1632 594 1707 659; x_wconf 82' lang='lat' dir='ltr'>in</span> <span class='ocrx_word' id='word_1_14' title='bbox 1763 593 1946 659; x_wconf 83' lang='lat' dir='ltr'>omni</span> <span class='ocrx_word' id='word_1_15' title='bbox 2002 594 2423 675; x_wconf 59' lang='lat' dir='ltr'>benedzktione</span> <span class='ocrx_word' id='word_1_16' title='bbox 2475 595 2774 679; x_wconf 82' lang='lat' dir='ltr'>spiritali</span> 
     </span>
     <span class='ocr_line' id='line_1_3' title="bbox 347 696 2766 782; baseline 0.001 -23"><span class='ocrx_word' id='word_1_17' title='bbox 347 696 420 759; x_wconf 84' lang='lat' dir='ltr'>in</span> <span class='ocrx_word' id='word_1_18' title='bbox 447 697 812 761; x_wconf 85' lang='lat' dir='ltr'>caelestibus</span> <span class='ocrx_word' id='word_1_19' title='bbox 829 720 858 771; x_wconf 86' lang='lat'>,·</span> <span class='ocrx_word' id='word_1_20' title='bbox 904 707 1006 761; x_wconf 92' lang='lat' dir='ltr'>et:</span> <span class='ocrx_word' id='word_1_21' title='bbox 1051 707 1126 760; x_wconf 88' lang='lat' dir='ltr'>ut</span> <span class='ocrx_word' id='word_1_22' title='bbox 1151 697 1361 760; x_wconf 82' lang='lat' dir='ltr'>simus</span> <span class='ocrx_word' id='word_1_23' title='bbox 1386 697 1599 761; x_wconf 83' lang='lat' dir='ltr'>sancti</span> <span class='ocrx_word' id='word_1_24' title='bbox 1623 708 1687 761; x_wconf 87' lang='lat' dir='ltr'>et</span> <span class='ocrx_word' id='word_1_25' title='bbox 1714 698 2125 763; x_wconf 84' lang='lat' dir='ltr'>immaculati</span> <span class='ocrx_word' id='word_1_26' title='bbox 2143 719 2170 776; x_wconf 89' lang='lat'><em>;</em></span> <span class='ocrx_word' id='word_1_27' title='bbox 2214 708 2282 763; x_wconf 90' lang='lat' dir='ltr'>et</span> <span class='ocrx_word' id='word_1_28' title='bbox 2325 702 2507 782; x_wconf 91' lang='lat' dir='ltr'>quod</span> <span class='ocrx_word' id='word_1_29' title='bbox 2554 699 2766 764; x_wconf 86' lang='lat' dir='ltr'>dixit:</span> 
     </span>
     <span class='ocr_line' id='line_1_4' title="bbox 348 796 2766 882; baseline 0.001 -23"><span class='ocrx_word' id='word_1_30' title='bbox 348 796 419 860; x_wconf 82' lang='lat' dir='ltr'>in</span> <span class='ocrx_word' id='word_1_31' title='bbox 438 797 743 880; x_wconf 83' lang='lat' dir='ltr'>filiorum</span> <span class='ocrx_word' id='word_1_32' title='bbox 772 797 1168 879; x_wconf 82' lang='lat' dir='ltr'>adoptionem</span> <span class='ocrx_word' id='word_1_33' title='bbox 1184 799 1697 880; x_wconf 79' lang='lat' dir='ltr'>praeordinatos,</span> <span class='ocrx_word' id='word_1_34' title='bbox 1774 800 2119 882; x_wconf 90' lang='lat' dir='ltr'>antiquam</span> <span class='ocrx_word' id='word_1_35' title='bbox 2155 799 2355 864; x_wconf 81' lang='lat' dir='ltr'>fuisse</span> <span class='ocrx_word' id='word_1_36' title='bbox 2386 801 2514 864; x_wconf 90' lang='lat' dir='ltr'>Dei</span> <span class='ocrx_word' id='word_1_37' title='bbox 2546 801 2632 864; x_wconf 88' lang='lat' dir='ltr'>de</span> <span class='ocrx_word' id='word_1_38' title='bbox 2660 799 2766 863; x_wconf 88' lang='lat' dir='ltr'>his</span> 
     </span>
     <span class='ocr_line' id='line_1_5' title="bbox 345 900 2762 985; baseline 0.002 -24"><span class='ocrx_word' id='word_1_39' title='bbox 345 900 809 981; x_wconf 84' lang='lat' dir='ltr'>probationem</span> <span class='ocrx_word' id='word_1_40' title='bbox 850 901 1160 975; x_wconf 86' lang='lat' dir='ltr'>ostendit,</span> <span class='ocrx_word' id='word_1_41' title='bbox 1191 901 1389 982; x_wconf 89' lang='lat' dir='ltr'>quale</span> <span class='ocrx_word' id='word_1_42' title='bbox 1434 911 1537 964; x_wconf 89' lang='lat' dir='ltr'>est</span> <span class='ocrx_word' id='word_1_43' title='bbox 1581 900 1743 964; x_wconf 90' lang='lat' dir='ltr'>illud</span> <span class='ocrx_word' id='word_1_44' title='bbox 1791 902 1974 984; x_wconf 91' lang='lat' dir='ltr'>quod</span> <span class='ocrx_word' id='word_1_45' title='bbox 2014 901 2229 966; x_wconf 89' lang='lat' dir='ltr'>dixit:</span> <span class='ocrx_word' id='word_1_46' title='bbox 2259 905 2609 985; x_wconf 80' lang='lat' dir='ltr'><em>praeelegit</em></span> <span class='ocrx_word' id='word_1_47' title='bbox 2636 924 2762 967; x_wconf 85' lang='lat' dir='ltr'>nos.</span> 
     </span>
    </p>

    <p class='ocr_par' dir='ltr' id='par_1_3' title="bbox 255 997 2868 1394">
     <span class='ocr_line' id='line_1_6' title="bbox 255 997 2868 1087; baseline 0.002 -24"><span class='ocrx_word' id='word_1_48' title='bbox 255 997 264 1005; x_wconf 83' lang='lat'>&#39;</span> <span class='ocrx_word' id='word_1_49' title='bbox 349 1001 564 1063; x_wconf 88' lang='lat' dir='ltr'>adhuc</span> <span class='ocrx_word' id='word_1_50' title='bbox 625 1013 850 1065; x_wconf 89' lang='lat' dir='ltr'>autem</span> <span class='ocrx_word' id='word_1_51' title='bbox 912 1003 1113 1065; x_wconf 89' lang='lat' dir='ltr'>etiam</span> <span class='ocrx_word' id='word_1_52' title='bbox 1177 1012 1246 1065; x_wconf 88' lang='lat' dir='ltr'>et</span> <span class='ocrx_word' id='word_1_53' title='bbox 1305 1002 1616 1066; x_wconf 80' lang='lat' dir='ltr'>affectum</span> <span class='ocrx_word' id='word_1_54' title='bbox 1663 1004 1748 1067; x_wconf 91' lang='lat' dir='ltr'>de</span> <span class='ocrx_word' id='word_1_55' title='bbox 1796 1004 1993 1067; x_wconf 90' lang='lat' dir='ltr'>rebus</span> <span class='ocrx_word' id='word_1_56' title='bbox 2043 1001 2423 1068; x_wconf 87' lang='lat' dir='ltr'>huiusmodi</span> <span class='ocrx_word' id='word_1_57' title='bbox 2479 1003 2764 1087; x_wconf 90' lang='lat' dir='ltr'>implens</span> <span class='ocrx_word' id='word_1_58' title='bbox 2838 1019 2868 1086; x_wconf 84' lang='lat'>5</span> 
     </span>
     <span class='ocr_line' id='line_1_7' title="bbox 347 1098 2764 1189; baseline 0.002 -23"><span class='ocrx_word' id='word_1_59' title='bbox 347 1106 654 1168; x_wconf 86' lang='lat' dir='ltr'>ostendit.</span> <span class='ocrx_word' id='word_1_60' title='bbox 726 1126 880 1168; x_wconf 92' lang='lat' dir='ltr'>nam</span> <span class='ocrx_word' id='word_1_61' title='bbox 915 1106 1094 1187; x_wconf 93' lang='lat' dir='ltr'>quod</span> <span class='ocrx_word' id='word_1_62' title='bbox 1126 1106 1342 1169; x_wconf 86' lang='lat' dir='ltr'>dixit:</span> <span class='ocrx_word' id='word_1_63' title='bbox 1390 1098 1459 1168; x_wconf 61' lang='lat' dir='ltr'>i&#39;n</span> <span class='ocrx_word' id='word_1_64' title='bbox 1490 1106 1778 1183; x_wconf 85' lang='lat' dir='ltr'><em>caritate,</em></span> <span class='ocrx_word' id='word_1_65' title='bbox 1809 1115 1894 1180; x_wconf 89' lang='lat' dir='ltr'>et,</span> <span class='ocrx_word' id='word_1_66' title='bbox 1925 1107 2272 1171; x_wconf 80' lang='lat' dir='ltr'>secundum</span> <span class='ocrx_word' id='word_1_67' title='bbox 2305 1108 2537 1171; x_wconf 84' lang='lat' dir='ltr'>bonum</span> <span class='ocrx_word' id='word_1_68' title='bbox 2553 1107 2764 1189; x_wconf 84' lang='lat' dir='ltr'>placi-</span> 
     </span>
     <span class='ocr_line' id='line_1_8' title="bbox 350 1207 2764 1294; baseline 0.002 -24"><span class='ocrx_word' id='word_1_69' title='bbox 350 1217 490 1270; x_wconf 88' lang='lat' dir='ltr'>tum</span> <span class='ocrx_word' id='word_1_70' title='bbox 523 1207 883 1271; x_wconf 85' lang='lat' dir='ltr'>uoluntatis</span> <span class='ocrx_word' id='word_1_71' title='bbox 909 1230 1077 1284; x_wconf 87' lang='lat' dir='ltr'>suae,</span> <span class='ocrx_word' id='word_1_72' title='bbox 1108 1208 1274 1272; x_wconf 89' lang='lat' dir='ltr'>haec</span> <span class='ocrx_word' id='word_1_73' title='bbox 1305 1210 1616 1273; x_wconf 85' lang='lat' dir='ltr'>ostendit.</span> <span class='ocrx_word' id='word_1_74' title='bbox 1701 1211 1884 1273; x_wconf 93' lang='lat' dir='ltr'>omni</span> <span class='ocrx_word' id='word_1_75' title='bbox 1917 1221 2141 1273; x_wconf 91' lang='lat' dir='ltr'>autem</span> <span class='ocrx_word' id='word_1_76' title='bbox 2176 1232 2262 1274; x_wconf 88' lang='lat' dir='ltr'>ex</span> <span class='ocrx_word' id='word_1_77' title='bbox 2295 1222 2482 1293; x_wconf 90' lang='lat' dir='ltr'>parte</span> <span class='ocrx_word' id='word_1_78' title='bbox 2513 1232 2764 1294; x_wconf 90' lang='lat' dir='ltr'>augens</span> 
     </span>
     <span class='ocr_line' id='line_1_9' title="bbox 347 1310 2190 1394; baseline 0.002 -21"><span class='ocrx_word' id='word_1_79' title='bbox 347 1310 785 1374; x_wconf 88' lang='lat' dir='ltr'>donationum</span> <span class='ocrx_word' id='word_1_80' title='bbox 820 1311 1369 1393; x_wconf 85' lang='lat' dir='ltr'>magnitudinem,</span> <span class='ocrx_word' id='word_1_81' title='bbox 1401 1324 1884 1394; x_wconf 88' lang='lat' dir='ltr'>consequenter</span> <span class='ocrx_word' id='word_1_82' title='bbox 1912 1314 2190 1377; x_wconf 90' lang='lat' dir='ltr'>adiecit:</span> 
     </span>
    </p>

    <p class='ocr_par' dir='ltr' id='par_1_4' title="bbox 479 1425 1505 1510">
     <span class='ocr_line' id='line_1_10' title="bbox 479 1425 1505 1510; baseline 0.002 -20"><span class='ocrx_word' id='word_1_83' title='bbox 479 1425 551 1490; x_wconf 84' lang='lat' dir='ltr'>in</span> <span class='ocrx_word' id='word_1_84' title='bbox 581 1426 771 1489; x_wconf 84' lang='lat' dir='ltr'>laude</span> <span class='ocrx_word' id='word_1_85' title='bbox 787 1428 1043 1510; x_wconf 80' lang='lat' dir='ltr'>gloriae</span> <span class='ocrx_word' id='word_1_86' title='bbox 1059 1429 1326 1510; x_wconf 79' lang='lat' dir='ltr'><em>gratiae</em></span> <span class='ocrx_word' id='word_1_87' title='bbox 1353 1428 1505 1492; x_wconf 84' lang='lat' dir='ltr'>eius.</span> 
     </span>
    </p>

    <p class='ocr_par' dir='ltr' id='par_1_5' title="bbox 349 1527 2879 1922">
     <span class='ocr_line' id='line_1_11' title="bbox 478 1527 2879 1613; baseline 0.001 -22"><span class='ocrx_word' id='word_1_88' title='bbox 478 1527 781 1613; x_wconf 86' lang='lat' dir='ltr'>†‘itaque</span> <span class='ocrx_word' id='word_1_89' title='bbox 812 1531 1054 1612; x_wconf 87' lang='lat' dir='ltr'>dignus</span> <span class='ocrx_word' id='word_1_90' title='bbox 1083 1540 1188 1594; x_wconf 86' lang='lat' dir='ltr'>est</span> <span class='ocrx_word' id='word_1_91' title='bbox 1234 1551 1354 1612; x_wconf 90' lang='lat' dir='ltr'>pro</span> <span class='ocrx_word' id='word_1_92' title='bbox 1399 1530 1502 1593; x_wconf 90' lang='lat' dir='ltr'>his</span> <span class='ocrx_word' id='word_1_93' title='bbox 1548 1531 1803 1595; x_wconf 90' lang='lat' dir='ltr'>laudari</span> <span class='ocrx_word' id='word_1_94' title='bbox 1848 1553 1887 1596; x_wconf 89' lang='lat' dir='ltr'>a</span> <span class='ocrx_word' id='word_1_95' title='bbox 1926 1533 2136 1609; x_wconf 81' lang='lat' dir='ltr'>nobiS,</span> <span class='ocrx_word' id='word_1_96' title='bbox 2169 1543 2237 1598; x_wconf 89' lang='lat' dir='ltr'>et</span> <span class='ocrx_word' id='word_1_97' title='bbox 2267 1533 2449 1598; x_wconf 93' lang='lat' dir='ltr'>omni</span> <span class='ocrx_word' id='word_1_98' title='bbox 2483 1533 2764 1598; x_wconf 86' lang='lat' dir='ltr'>demira·</span> <span class='ocrx_word' id='word_1_99' title='bbox 2801 1547 2879 1595; x_wconf 90' lang='lat'>10</span> 
     </span>
     <span class='ocr_line' id='line_1_12' title="bbox 349 1631 2765 1715; baseline 0 -19"><span class='ocrx_word' id='word_1_100' title='bbox 349 1632 530 1697; x_wconf 89' lang='lat' dir='ltr'>tione</span> <span class='ocrx_word' id='word_1_101' title='bbox 560 1632 801 1713; x_wconf 88' lang='lat' dir='ltr'>dignus</span> <span class='ocrx_word' id='word_1_102' title='bbox 833 1631 1077 1709; x_wconf 83' lang='lat' dir='ltr'>haberi,</span> <span class='ocrx_word' id='word_1_103' title='bbox 1110 1653 1230 1713; x_wconf 88' lang='lat' dir='ltr'>pro</span> <span class='ocrx_word' id='word_1_104' title='bbox 1261 1633 1504 1714; x_wconf 90' lang='lat' dir='ltr'>quibus</span> <span class='ocrx_word' id='word_1_105' title='bbox 1537 1653 1657 1695; x_wconf 92' lang='lat' dir='ltr'>sua</span> <span class='ocrx_word' id='word_1_106' title='bbox 1686 1633 1901 1715; x_wconf 88' lang='lat' dir='ltr'>gratia</span> <span class='ocrx_word' id='word_1_107' title='bbox 1934 1643 2191 1696; x_wconf 83' lang='lat' dir='ltr'>tantam</span> <span class='ocrx_word' id='word_1_108' title='bbox 2233 1635 2428 1697; x_wconf 89' lang='lat' dir='ltr'>nobis</span> <span class='ocrx_word' id='word_1_109' title='bbox 2465 1655 2765 1697; x_wconf 87' lang='lat' dir='ltr'>commu·</span> 
     </span>
     <span class='ocr_line' id='line_1_13' title="bbox 349 1731 2765 1818; baseline 0.002 -24"><span class='ocrx_word' id='word_1_110' title='bbox 349 1734 567 1796; x_wconf 90' lang='lat' dir='ltr'>nicare</span> <span class='ocrx_word' id='word_1_111' title='bbox 596 1734 909 1816; x_wconf 85' lang='lat' dir='ltr'>dignatus</span> <span class='ocrx_word' id='word_1_112' title='bbox 941 1744 1043 1797; x_wconf 86' lang='lat' dir='ltr'>est</span> <span class='ocrx_word' id='word_1_113' title='bbox 1072 1731 1438 1816; x_wconf 62' lang='lat' dir='ltr'>gloriaml*</span> <span class='ocrx_word' id='word_1_114' title='bbox 1528 1734 1773 1798; x_wconf 89' lang='lat' dir='ltr'>deinde</span> <span class='ocrx_word' id='word_1_115' title='bbox 1803 1734 1967 1798; x_wconf 89' lang='lat' dir='ltr'>dicit</span> <span class='ocrx_word' id='word_1_116' title='bbox 2002 1735 2241 1800; x_wconf 90' lang='lat' dir='ltr'>iterum</span> <span class='ocrx_word' id='word_1_117' title='bbox 2273 1737 2526 1818; x_wconf 86' lang='lat' dir='ltr'>gratiae</span> <span class='ocrx_word' id='word_1_118' title='bbox 2559 1736 2765 1818; x_wconf 91' lang='lat' dir='ltr'>ipsius</span> 
     </span>
     <span class='ocr_line' id='line_1_14' title="bbox 349 1840 674 1922; baseline -0.009 -18"><span class='ocrx_word' id='word_1_119' title='bbox 349 1840 674 1922; x_wconf 88' lang='lat' dir='ltr'>gloriam:</span> 
     </span>
    </p>

    <p class='ocr_par' dir='ltr' id='par_1_6' title="bbox 479 1947 1653 2032">
     <span class='ocr_line' id='line_1_15' title="bbox 479 1947 1653 2032; baseline -0.002 -19"><span class='ocrx_word' id='word_1_120' title='bbox 479 1950 551 2013; x_wconf 85' lang='lat' dir='ltr'>in</span> <span class='ocrx_word' id='word_1_121' title='bbox 580 1971 709 2031; x_wconf 85' lang='lat' dir='ltr'>qua</span> <span class='ocrx_word' id='word_1_122' title='bbox 728 1948 1145 2032; x_wconf 75' lang='lat' dir='ltr'>gratzficauz&#39;t</span> <span class='ocrx_word' id='word_1_123' title='bbox 1171 1968 1286 2011; x_wconf 86' lang='lat' dir='ltr'>nos</span> <span class='ocrx_word' id='word_1_124' title='bbox 1314 1948 1384 2010; x_wconf 78' lang='lat' dir='ltr'>in</span> <span class='ocrx_word' id='word_1_125' title='bbox 1414 1947 1653 2023; x_wconf 80' lang='lat' dir='ltr'>dilecte,</span> 
     </span>
    </p>

    <p class='ocr_par' dir='ltr' id='par_1_7' title="bbox 345 2049 2879 3062">
     <span class='ocr_line' id='line_1_16' title="bbox 479 2049 2869 2135; baseline -0.001 -19"><span class='ocrx_word' id='word_1_126' title='bbox 479 2074 634 2116; x_wconf 90' lang='lat' dir='ltr'>nam</span> <span class='ocrx_word' id='word_1_127' title='bbox 697 2053 875 2135; x_wconf 93' lang='lat' dir='ltr'>quod</span> <span class='ocrx_word' id='word_1_128' title='bbox 937 2052 1152 2115; x_wconf 87' lang='lat' dir='ltr'>dixit:</span> <span class='ocrx_word' id='word_1_129' title='bbox 1216 2049 1651 2134; x_wconf 70' lang='lat' dir='ltr'>gratfficauit,</span> <span class='ocrx_word' id='word_1_130' title='bbox 1712 2050 1780 2112; x_wconf 91' lang='lat' dir='ltr'>id</span> <span class='ocrx_word' id='word_1_131' title='bbox 1843 2050 2104 2132; x_wconf 88' lang='lat' dir='ltr'>signare</span> <span class='ocrx_word' id='word_1_132' title='bbox 2165 2050 2377 2115; x_wconf 90' lang='lat' dir='ltr'>uoluit</span> <span class='ocrx_word' id='word_1_133' title='bbox 2444 2054 2761 2134; x_wconf 89' lang='lat' dir='ltr'>quoniam</span> <span class='ocrx_word' id='word_1_134' title='bbox 2799 2063 2869 2130; x_wconf 84' lang='lat'>15</span> 
     </span>
     <span class='ocr_line' id='line_1_17' title="bbox 350 2151 2761 2237; baseline 0 -17"><span class='ocrx_word' id='word_1_135' title='bbox 350 2157 558 2220; x_wconf 87' lang='lat' dir='ltr'>‘omni</span> <span class='ocrx_word' id='word_1_136' title='bbox 590 2177 714 2220; x_wconf 91' lang='lat' dir='ltr'>nos</span> <span class='ocrx_word' id='word_1_137' title='bbox 746 2155 1025 2237; x_wconf 89' lang='lat' dir='ltr'>repleuit</span> <span class='ocrx_word' id='word_1_138' title='bbox 1053 2155 1303 2237; x_wconf 63' lang='lat' dir='ltr'>gratia)</span> <span class='ocrx_word' id='word_1_139' title='bbox 1393 2164 1462 2217; x_wconf 89' lang='lat' dir='ltr'>et</span> <span class='ocrx_word' id='word_1_140' title='bbox 1492 2153 1673 2235; x_wconf 92' lang='lat' dir='ltr'>quod</span> <span class='ocrx_word' id='word_1_141' title='bbox 1707 2153 1922 2217; x_wconf 85' lang='lat' dir='ltr'>dixit:</span> <span class='ocrx_word' id='word_1_142' title='bbox 1970 2151 2040 2215; x_wconf 85' lang='lat' dir='ltr'>in</span> <span class='ocrx_word' id='word_1_143' title='bbox 2071 2152 2311 2229; x_wconf 83' lang='lat' dir='ltr'>dilecto,</span> <span class='ocrx_word' id='word_1_144' title='bbox 2341 2155 2439 2218; x_wconf 89' lang='lat' dir='ltr'>‘in</span> <span class='ocrx_word' id='word_1_145' title='bbox 2474 2155 2761 2221; x_wconf 90' lang='lat' dir='ltr'>Christo&#39;</span> 
     </span>
     <span class='ocr_line' id='line_1_18' title="bbox 350 2257 2765 2341; baseline -0.001 -15"><span class='ocrx_word' id='word_1_146' title='bbox 350 2261 540 2326; x_wconf 87' lang='lat' dir='ltr'>dixit.</span> <span class='ocrx_word' id='word_1_147' title='bbox 632 2258 814 2321; x_wconf 89' lang='lat' dir='ltr'>omni</span> <span class='ocrx_word' id='word_1_148' title='bbox 847 2259 1023 2322; x_wconf 89' lang='lat' dir='ltr'>enim</span> <span class='ocrx_word' id='word_1_149' title='bbox 1058 2279 1145 2321; x_wconf 89' lang='lat' dir='ltr'>ex</span> <span class='ocrx_word' id='word_1_150' title='bbox 1188 2268 1376 2341; x_wconf 90' lang='lat' dir='ltr'>parte</span> <span class='ocrx_word' id='word_1_151' title='bbox 1422 2257 1538 2320; x_wconf 89' lang='lat' dir='ltr'>illa</span> <span class='ocrx_word' id='word_1_152' title='bbox 1582 2278 1755 2339; x_wconf 90' lang='lat' dir='ltr'>quae</span> <span class='ocrx_word' id='word_1_153' title='bbox 1800 2257 1885 2320; x_wconf 90' lang='lat' dir='ltr'>de</span> <span class='ocrx_word' id='word_1_154' title='bbox 1931 2257 2124 2321; x_wconf 89' lang='lat' dir='ltr'>nobis</span> <span class='ocrx_word' id='word_1_155' title='bbox 2170 2257 2342 2323; x_wconf 89' lang='lat' dir='ltr'>fiunt</span> <span class='ocrx_word' id='word_1_156' title='bbox 2388 2280 2765 2325; x_wconf 88' lang='lat' dir='ltr'>memorans</span> 
     </span>
     <span class='ocr_line' id='line_1_19' title="bbox 350 2363 2762 2446; baseline 0.001 -17"><span class='ocrx_word' id='word_1_157' title='bbox 350 2366 554 2429; x_wconf 91' lang='lat' dir='ltr'>adicit</span> <span class='ocrx_word' id='word_1_158' title='bbox 570 2376 695 2446; x_wconf 85' lang='lat' dir='ltr'>per</span> <span class='ocrx_word' id='word_1_159' title='bbox 721 2364 930 2445; x_wconf 86' lang='lat' dir='ltr'>ipsum</span> <span class='ocrx_word' id='word_1_160' title='bbox 970 2372 1038 2425; x_wconf 90' lang='lat' dir='ltr'>et</span> <span class='ocrx_word' id='word_1_161' title='bbox 1080 2363 1151 2425; x_wconf 81' lang='lat' dir='ltr'>in</span> <span class='ocrx_word' id='word_1_162' title='bbox 1193 2364 1341 2445; x_wconf 64' lang='lat' dir='ltr'>zpso,</span> <span class='ocrx_word' id='word_1_163' title='bbox 1374 2371 1608 2444; x_wconf 88' lang='lat' dir='ltr'>utpote</span> <span class='ocrx_word' id='word_1_164' title='bbox 1655 2364 1721 2426; x_wconf 92' lang='lat' dir='ltr'>in</span> <span class='ocrx_word' id='word_1_165' title='bbox 1763 2363 2000 2426; x_wconf 89' lang='lat' dir='ltr'>ordine</span> <span class='ocrx_word' id='word_1_166' title='bbox 2040 2363 2478 2444; x_wconf 88' lang='lat' dir='ltr'>primitiarum</span> <span class='ocrx_word' id='word_1_167' title='bbox 2526 2370 2762 2432; x_wconf 89' lang='lat' dir='ltr'>eodem</span> 
     </span>
     <span class='ocr_line' id='line_1_20' title="bbox 353 2463 2763 2548; baseline 0 -18"><span class='ocrx_word' id='word_1_168' title='bbox 353 2466 619 2531; x_wconf 89' lang='lat' dir='ltr'>Christo</span> <span class='ocrx_word' id='word_1_169' title='bbox 665 2467 1060 2548; x_wconf 88' lang='lat' dir='ltr'>adsumpto;</span> <span class='ocrx_word' id='word_1_170' title='bbox 1106 2474 1173 2528; x_wconf 93' lang='lat' dir='ltr'>et</span> <span class='ocrx_word' id='word_1_171' title='bbox 1219 2464 1333 2527; x_wconf 90' lang='lat' dir='ltr'>illa</span> <span class='ocrx_word' id='word_1_172' title='bbox 1375 2465 1602 2527; x_wconf 87' lang='lat' dir='ltr'>omnia</span> <span class='ocrx_word' id='word_1_173' title='bbox 1643 2485 1815 2547; x_wconf 89' lang='lat' dir='ltr'>quae</span> <span class='ocrx_word' id='word_1_174' title='bbox 1847 2485 2003 2545; x_wconf 89' lang='lat' dir='ltr'>erga</span> <span class='ocrx_word' id='word_1_175' title='bbox 2046 2463 2234 2527; x_wconf 92' lang='lat' dir='ltr'>illum</span> <span class='ocrx_word' id='word_1_176' title='bbox 2267 2486 2387 2547; x_wconf 95' lang='lat' dir='ltr'>pro</span> <span class='ocrx_word' id='word_1_177' title='bbox 2425 2469 2763 2530; x_wconf 91' lang='lat' dir='ltr'>communi</span> 
     </span>
     <span class='ocr_line' id='line_1_21' title="bbox 350 2568 2879 2652; baseline -0.001 -16"><span class='ocrx_word' id='word_1_178' title='bbox 350 2572 564 2636; x_wconf 90' lang='lat' dir='ltr'>salute</span> <span class='ocrx_word' id='word_1_179' title='bbox 609 2581 764 2635; x_wconf 87' lang='lat' dir='ltr'>sunt</span> <span class='ocrx_word' id='word_1_180' title='bbox 806 2579 1016 2652; x_wconf 86' lang='lat' dir='ltr'>gesta.</span> <span class='ocrx_word' id='word_1_181' title='bbox 1108 2570 1201 2632; x_wconf 90' lang='lat' dir='ltr'>sic</span> <span class='ocrx_word' id='word_1_182' title='bbox 1247 2569 1425 2632; x_wconf 89' lang='lat' dir='ltr'>enim</span> <span class='ocrx_word' id='word_1_183' title='bbox 1466 2579 1533 2633; x_wconf 92' lang='lat' dir='ltr'>et</span> <span class='ocrx_word' id='word_1_184' title='bbox 1577 2568 1973 2651; x_wconf 87' lang='lat' dir='ltr'>participare</span> <span class='ocrx_word' id='word_1_185' title='bbox 2011 2568 2068 2632; x_wconf 94' lang='lat' dir='ltr'>ei</span> <span class='ocrx_word' id='word_1_186' title='bbox 2114 2570 2654 2635; x_wconf 87' lang='lat' dir='ltr'>resurrectionem</span> <span class='ocrx_word' id='word_1_187' title='bbox 2698 2580 2765 2636; x_wconf 92' lang='lat' dir='ltr'>et</span> <span class='ocrx_word' id='word_1_188' title='bbox 2793 2584 2879 2634; x_wconf 89' lang='lat'>20</span> 
     </span>
     <span class='ocr_line' id='line_1_22' title="bbox 349 2670 2765 2755; baseline -0.001 -16"><span class='ocrx_word' id='word_1_189' title='bbox 349 2674 879 2755; x_wconf 87' lang='lat' dir='ltr'>incorruptelam,</span> <span class='ocrx_word' id='word_1_190' title='bbox 913 2684 980 2736; x_wconf 90' lang='lat' dir='ltr'>et</span> <span class='ocrx_word' id='word_1_191' title='bbox 1010 2673 1403 2735; x_wconf 89' lang='lat' dir='ltr'>commorari</span> <span class='ocrx_word' id='word_1_192' title='bbox 1447 2693 1597 2734; x_wconf 90' lang='lat' dir='ltr'>cum</span> <span class='ocrx_word' id='word_1_193' title='bbox 1635 2693 1720 2734; x_wconf 88' lang='lat' dir='ltr'>eo</span> <span class='ocrx_word' id='word_1_194' title='bbox 1764 2672 1827 2733; x_wconf 93' lang='lat' dir='ltr'>in</span> <span class='ocrx_word' id='word_1_195' title='bbox 1872 2670 2070 2733; x_wconf 88' lang='lat' dir='ltr'>caelis</span> <span class='ocrx_word' id='word_1_196' title='bbox 2115 2692 2403 2753; x_wconf 65' lang='lat' dir='ltr'>sperans»,</span> <span class='ocrx_word' id='word_1_197' title='bbox 2437 2684 2504 2737; x_wconf 91' lang='lat' dir='ltr'>et</span> <span class='ocrx_word' id='word_1_198' title='bbox 2544 2684 2765 2737; x_wconf 89' lang='lat' dir='ltr'>osten-</span> 
     </span>
     <span class='ocr_line' id='line_1_23' title="bbox 347 2774 2769 2859; baseline -0.001 -16"><span class='ocrx_word' id='word_1_199' title='bbox 347 2781 515 2843; x_wconf 88' lang='lat' dir='ltr'>dens</span> <span class='ocrx_word' id='word_1_200' title='bbox 568 2776 1060 2841; x_wconf 88' lang='lat' dir='ltr'>multitudinem</span> <span class='ocrx_word' id='word_1_201' title='bbox 1103 2778 1542 2839; x_wconf 89' lang='lat' dir='ltr'>donationum</span> <span class='ocrx_word' id='word_1_202' title='bbox 1583 2796 1702 2856; x_wconf 87' lang='lat' dir='ltr'>per</span> <span class='ocrx_word' id='word_1_203' title='bbox 1739 2774 1897 2836; x_wconf 92' lang='lat' dir='ltr'>illud</span> <span class='ocrx_word' id='word_1_204' title='bbox 1941 2775 2119 2857; x_wconf 92' lang='lat' dir='ltr'>quod</span> <span class='ocrx_word' id='word_1_205' title='bbox 2152 2776 2327 2839; x_wconf 88' lang='lat' dir='ltr'>dixit</span> <span class='ocrx_word' id='word_1_206' title='bbox 2352 2778 2769 2859; x_wconf 80' lang='lat' dir='ltr'>gratificauit</span> 
     </span>
     <span class='ocr_line' id='line_1_24' title="bbox 345 2878 2762 2962; baseline -0.001 -17"><span class='ocrx_word' id='word_1_207' title='bbox 345 2902 507 2955; x_wconf 86' lang='lat' dir='ltr'>nos,·</span> <span class='ocrx_word' id='word_1_208' title='bbox 552 2881 714 2944; x_wconf 90' lang='lat' dir='ltr'>dicit</span> <span class='ocrx_word' id='word_1_209' title='bbox 761 2889 827 2942; x_wconf 92' lang='lat' dir='ltr'>et</span> <span class='ocrx_word' id='word_1_210' title='bbox 873 2878 1030 2942; x_wconf 90' lang='lat' dir='ltr'>illud</span> <span class='ocrx_word' id='word_1_211' title='bbox 1080 2880 1258 2960; x_wconf 91' lang='lat' dir='ltr'>quod</span> <span class='ocrx_word' id='word_1_212' title='bbox 1314 2878 1623 2940; x_wconf 88' lang='lat' dir='ltr'>omnibus</span> <span class='ocrx_word' id='word_1_213' title='bbox 1670 2878 1934 2939; x_wconf 89' lang='lat' dir='ltr'>uidetur</span> <span class='ocrx_word' id='word_1_214' title='bbox 1978 2879 2281 2955; x_wconf 89' lang='lat' dir='ltr'>eminere,</span> <span class='ocrx_word' id='word_1_215' title='bbox 2333 2889 2401 2942; x_wconf 92' lang='lat' dir='ltr'>et</span> <span class='ocrx_word' id='word_1_216' title='bbox 2446 2880 2533 2942; x_wconf 89' lang='lat' dir='ltr'>ad</span> <span class='ocrx_word' id='word_1_217' title='bbox 2584 2881 2762 2962; x_wconf 93' lang='lat' dir='ltr'>quod</span> 
     </span>
     <span class='ocr_line' id='line_1_25' title="bbox 349 2979 1705 3062; baseline -0.004 -15"><span class='ocrx_word' id='word_1_218' title='bbox 349 3004 582 3047; x_wconf 89' lang='lat' dir='ltr'>omnes</span> <span class='ocrx_word' id='word_1_219' title='bbox 615 2983 912 3045; x_wconf 87' lang='lat' dir='ltr'>maxime</span> <span class='ocrx_word' id='word_1_220' title='bbox 943 3001 1347 3062; x_wconf 84' lang='lat' dir='ltr'>congregare</span> <span class='ocrx_word' id='word_1_221' title='bbox 1378 2979 1705 3042; x_wconf 88' lang='lat' dir='ltr'>faciebat:</span> 
     </span>
    </p>
   </div>
   <div class='ocr_carea' id='block_1_3' title="bbox 347 3130 2870 3328">
    <p class='ocr_par' dir='ltr' id='par_1_8' title="bbox 347 3130 2870 3328">
     <span class='ocr_line' id='line_1_26' title="bbox 479 3130 2870 3222; baseline -0.003 -17"><span class='ocrx_word' id='word_1_222' title='bbox 479 3138 648 3205; x_wconf 82' lang='grc' dir='ltr'>ὥστε</span> <span class='ocrx_word' id='word_1_223' title='bbox 682 3136 934 3222; x_wconf 86' lang='grc' dir='ltr'>(φησὶν)</span> <span class='ocrx_word' id='word_1_224' title='bbox 969 3135 1131 3218; x_wconf 84' lang='grc' dir='ltr'>ὑπὲρ</span> <span class='ocrx_word' id='word_1_225' title='bbox 1173 3135 1419 3201; x_wconf 82' lang='grc' dir='ltr'>τούτων</span> <span class='ocrx_word' id='word_1_226' title='bbox 1460 3132 1865 3199; x_wconf 82' lang='grc' dir='ltr'>ἐπαινεῖσθαι</span> <span class='ocrx_word' id='word_1_227' title='bbox 1905 3133 2016 3197; x_wconf 83' lang='grc' dir='ltr'>καὶ</span> <span class='ocrx_word' id='word_1_228' title='bbox 2049 3130 2490 3213; x_wconf 82' lang='grc' dir='ltr'>θαυμάζεσθαι</span> <span class='ocrx_word' id='word_1_229' title='bbox 2521 3131 2769 3198; x_wconf 84' lang='grc' dir='ltr'>δίκαιον</span> <span class='ocrx_word' id='word_1_230' title='bbox 2793 3153 2870 3220; x_wconf 83' lang='lat'>25</span> 
     </span>
     <span class='ocr_line' id='line_1_27' title="bbox 347 3231 2769 3328; baseline -0.005 -18"><span class='ocrx_word' id='word_1_231' title='bbox 347 3243 539 3310; x_wconf 76' lang='grc' dir='ltr'>αὑτὸν</span> <span class='ocrx_word' id='word_1_232' title='bbox 579 3240 737 3328; x_wconf 83' lang='grc' dir='ltr'>παρ’</span> <span class='ocrx_word' id='word_1_233' title='bbox 782 3239 985 3325; x_wconf 76' lang='grc' dir='ltr'>ἡμῶν,</span> <span class='ocrx_word' id='word_1_234' title='bbox 1033 3236 1172 3304; x_wconf 77' lang='grc' dir='ltr'>ἀνθ’</span> <span class='ocrx_word' id='word_1_235' title='bbox 1206 3236 1295 3304; x_wconf 82' lang='grc' dir='ltr'>ὦν</span> <span class='ocrx_word' id='word_1_236' title='bbox 1338 3235 1544 3325; x_wconf 74' lang='grc' dir='ltr'>οἰκείᾳ.</span> <span class='ocrx_word' id='word_1_237' title='bbox 1585 3235 1812 3325; x_wconf 84' lang='grc' dir='ltr'>χάριτι</span> <span class='ocrx_word' id='word_1_238' title='bbox 1857 3232 2179 3314; x_wconf 77' lang='grc' dir='ltr'>τοσαύτης</span> <span class='ocrx_word' id='word_1_239' title='bbox 2221 3231 2374 3318; x_wconf 83' lang='grc' dir='ltr'>ἡμῖν</span> <span class='ocrx_word' id='word_1_240' title='bbox 2415 3233 2769 3315; x_wconf 78' lang='grc' dir='ltr'>μετέδωκεν</span> 
     </span>
    </p>
   </div>
   <div class='ocr_carea' id='block_1_4' title="bbox 347 3346 2773 3790">
    <p class='ocr_par' dir='ltr' id='par_1_9' title="bbox 349 3346 553 3429">
     <span class='ocr_line' id='line_1_28' title="bbox 349 3346 553 3429; baseline 0.005 -19"><span class='ocrx_word' id='word_1_241' title='bbox 349 3346 553 3429; x_wconf 79' lang='grc' dir='ltr'>δόξης.</span> 
     </span>
    </p>

    <p class='ocr_par' dir='ltr' id='par_1_10' title="bbox 347 3471 2773 3790">
     <span class='ocr_line' id='line_1_29' title="bbox 451 3471 2773 3541; baseline -0.002 -12"><span class='ocrx_word' id='word_1_242' title='bbox 451 3497 471 3530; x_wconf 93' lang='lat'>1</span> <span class='ocrx_word' id='word_1_243' title='bbox 512 3480 563 3528; x_wconf 91' lang='lat' dir='ltr'>in</span> <span class='ocrx_word' id='word_1_244' title='bbox 585 3496 662 3528; x_wconf 83' lang='lat' dir='ltr'>om</span> <span class='ocrx_word' id='word_1_245' title='bbox 687 3479 756 3528; x_wconf 82' lang='lat' dir='ltr'><em>H</em></span> <span class='ocrx_word' id='word_1_246' title='bbox 953 3474 1082 3541; x_wconf 85' lang='lat'>4-6</span> <span class='ocrx_word' id='word_1_247' title='bbox 1116 3476 1548 3541; x_wconf 85' lang='lat' dir='ltr'>quale—ostendit</span> <span class='ocrx_word' id='word_1_248' title='bbox 1571 3492 1649 3524; x_wconf 86' lang='lat' dir='ltr'>om</span> <span class='ocrx_word' id='word_1_249' title='bbox 1676 3474 1792 3540; x_wconf 79' lang='lat' dir='ltr'>(per</span> <span class='ocrx_word' id='word_1_250' title='bbox 1812 3471 2099 3538; x_wconf 83' lang='lat' dir='ltr'>homoeotel.)</span> <span class='ocrx_word' id='word_1_251' title='bbox 2125 3475 2191 3523; x_wconf 85' lang='lat' dir='ltr'><em>H</em></span> <span class='ocrx_word' id='word_1_252' title='bbox 2193 3474 2217 3499; x_wconf 72' lang='grc'><strong>’</strong></span> <span class='ocrx_word' id='word_1_253' title='bbox 2418 3489 2445 3537; x_wconf 83' lang='lat'><strong>5</strong></span> <span class='ocrx_word' id='word_1_254' title='bbox 2481 3476 2699 3540; x_wconf 86' lang='lat' dir='ltr'>impletis</span> <span class='ocrx_word' id='word_1_255' title='bbox 2729 3478 2773 3526; x_wconf 91' lang='lat' dir='ltr'><em>C</em></span> 
     </span>
     <span class='ocr_line' id='line_1_30' title="bbox 347 3554 2773 3624; baseline -0.002 -13"><span class='ocrx_word' id='word_1_256' title='bbox 347 3560 379 3612; x_wconf 93' lang='lat'><strong>6</strong></span> <span class='ocrx_word' id='word_1_257' title='bbox 411 3563 533 3611; x_wconf 90' lang='lat' dir='ltr'>dicit</span> <span class='ocrx_word' id='word_1_258' title='bbox 559 3563 603 3611; x_wconf 94' lang='lat' dir='ltr'><em>C</em></span> <span class='ocrx_word' id='word_1_259' title='bbox 630 3559 638 3624; x_wconf 88' lang='grc' dir='ltr'>Ι</span> <span class='ocrx_word' id='word_1_260' title='bbox 666 3561 717 3610; x_wconf 86' lang='lat' dir='ltr'>in</span> <span class='ocrx_word' id='word_1_261' title='bbox 740 3577 841 3610; x_wconf 85' lang='lat' dir='ltr'>car.</span> <span class='ocrx_word' id='word_1_262' title='bbox 865 3576 942 3608; x_wconf 85' lang='lat' dir='ltr'>om</span> <span class='ocrx_word' id='word_1_263' title='bbox 973 3560 1017 3609; x_wconf 89' lang='lat' dir='ltr'><em>C</em></span> <span class='ocrx_word' id='word_1_264' title='bbox 1163 3571 1190 3620; x_wconf 91' lang='lat'><strong>7</strong></span> <span class='ocrx_word' id='word_1_265' title='bbox 1225 3559 1331 3607; x_wconf 85' lang='lat' dir='ltr'>siue</span> <span class='ocrx_word' id='word_1_266' title='bbox 1353 3558 1449 3606; x_wconf 89' lang='lat' dir='ltr'>hoc</span> <span class='ocrx_word' id='word_1_267' title='bbox 1476 3559 1589 3620; x_wconf 79' lang='lat' dir='ltr'>(fhr</span> <span class='ocrx_word' id='word_1_268' title='bbox 1608 3573 1727 3606; x_wconf 90' lang='lat' dir='ltr'>suae</span> <span class='ocrx_word' id='word_1_269' title='bbox 1750 3554 1891 3619; x_wconf 87' lang='lat' dir='ltr'>haec)</span> <span class='ocrx_word' id='word_1_270' title='bbox 1922 3557 1965 3605; x_wconf 88' lang='lat' dir='ltr'><em>C</em></span> <span class='ocrx_word' id='word_1_271' title='bbox 1990 3555 1997 3619; x_wconf 92' lang='grc' dir='ltr'>Ι</span> <span class='ocrx_word' id='word_1_272' title='bbox 2027 3572 2182 3620; x_wconf 85' lang='lat' dir='ltr'>agens</span> <span class='ocrx_word' id='word_1_273' title='bbox 2205 3557 2273 3604; x_wconf 82' lang='lat' dir='ltr'><em>H</em></span> <span class='ocrx_word' id='word_1_274' title='bbox 2421 3570 2479 3619; x_wconf 88' lang='lat'>17</span> <span class='ocrx_word' id='word_1_275' title='bbox 2515 3566 2628 3606; x_wconf 89' lang='lat' dir='ltr'>sunt</span> <span class='ocrx_word' id='word_1_276' title='bbox 2656 3558 2773 3621; x_wconf 85' lang='lat' dir='ltr'><em>(sor</em></span> 
     </span>
     <span class='ocr_line' id='line_1_31' title="bbox 348 3637 2763 3705; baseline -0.001 -12"><span class='ocrx_word' id='word_1_277' title='bbox 348 3643 490 3705; x_wconf 86' lang='lat' dir='ltr'>fiunt)</span> <span class='ocrx_word' id='word_1_278' title='bbox 521 3645 566 3693; x_wconf 89' lang='lat' dir='ltr'><em>C</em></span> <span class='ocrx_word' id='word_1_279' title='bbox 731 3645 787 3692; x_wconf 87' lang='lat'>18</span> <span class='ocrx_word' id='word_1_280' title='bbox 821 3645 874 3690; x_wconf 83' lang='lat' dir='ltr'>in</span> <span class='ocrx_word' id='word_1_281' title='bbox 896 3658 973 3690; x_wconf 87' lang='lat' dir='ltr'>om</span> <span class='ocrx_word' id='word_1_282' title='bbox 1002 3641 1046 3691; x_wconf 89' lang='lat' dir='ltr'><em>C</em></span> <span class='ocrx_word' id='word_1_283' title='bbox 1207 3657 1263 3689; x_wconf 84' lang='lat'>21</span> <span class='ocrx_word' id='word_1_284' title='bbox 1303 3639 1733 3703; x_wconf 87' lang='lat' dir='ltr'>incorruptibilem</span> <span class='ocrx_word' id='word_1_285' title='bbox 1755 3640 1821 3688; x_wconf 81' lang='lat' dir='ltr'>ll</span> <span class='ocrx_word' id='word_1_286' title='bbox 1843 3637 1851 3702; x_wconf 86' lang='grc' dir='ltr'>Ι</span> <span class='ocrx_word' id='word_1_287' title='bbox 1879 3654 2188 3688; x_wconf 87' lang='lat' dir='ltr'>commorare</span> <span class='ocrx_word' id='word_1_288' title='bbox 2215 3638 2261 3686; x_wconf 94' lang='lat' dir='ltr'><em>C</em></span> <span class='ocrx_word' id='word_1_289' title='bbox 2416 3653 2476 3702; x_wconf 82' lang='lat'>25</span> <span class='ocrx_word' id='word_1_290' title='bbox 2502 3656 2576 3704; x_wconf 91' lang='lat' dir='ltr'>sq.</span> <span class='ocrx_word' id='word_1_291' title='bbox 2607 3640 2763 3691; x_wconf 90' lang='lat' dir='ltr'>Coisl.</span> 
     </span>
     <span class='ocr_line' id='line_1_32' title="bbox 348 3716 2106 3790; baseline -0.006 -13"><span class='ocrx_word' id='word_1_292' title='bbox 348 3742 457 3790; x_wconf 79' lang='lat'>204,</span> <span class='ocrx_word' id='word_1_293' title='bbox 487 3727 566 3776; x_wconf 90' lang='lat' dir='ltr'>I.c.</span> <span class='ocrx_word' id='word_1_294' title='bbox 597 3724 824 3788; x_wconf 81' lang='grc' dir='ltr'>θεόδωρος</span> <span class='ocrx_word' id='word_1_295' title='bbox 849 3725 898 3772; x_wconf 77' lang='grc' dir='ltr'>δὲ</span> <span class='ocrx_word' id='word_1_296' title='bbox 923 3722 1011 3771; x_wconf 78' lang='grc' dir='ltr'>ὦδε</span> <span class='ocrx_word' id='word_1_297' title='bbox 1035 3724 1187 3782; x_wconf 78' lang='grc' dir='ltr'>λέγει·</span> <span class='ocrx_word' id='word_1_298' title='bbox 1226 3722 1366 3782; x_wconf 79' lang='grc' dir='ltr'>ὥστε,</span> <span class='ocrx_word' id='word_1_299' title='bbox 1397 3724 1550 3771; x_wconf 83' lang='grc' dir='ltr'>κ.τ.λ.</span> <span class='ocrx_word' id='word_1_300' title='bbox 1753 3719 1813 3769; x_wconf 79' lang='lat'>26</span> <span class='ocrx_word' id='word_1_301' title='bbox 1848 3716 1997 3767; x_wconf 75' lang='grc' dir='ltr'>αὑτοῦ</span> <span class='ocrx_word' id='word_1_302' title='bbox 2020 3721 2106 3768; x_wconf 93' lang='lat' dir='ltr'>Cr.</span> 
     </span>
    </p>
   </div>
   <div class='ocr_carea' id='block_1_5' title="bbox 337 3856 2772 4492">
    <p class='ocr_par' dir='ltr' id='par_1_11' title="bbox 337 3856 2772 4492">
     <span class='ocr_line' id='line_1_33' title="bbox 419 3856 2771 3927; baseline -0.003 -14"><span class='ocrx_word' id='word_1_303' title='bbox 419 3862 621 3927; x_wconf 77' lang='lat'><em>14-16,</em></span> <span class='ocrx_word' id='word_1_304' title='bbox 687 3859 1261 3924; x_wconf 75' lang='lat' dir='ltr'>gratzficauit...rcplcuit</span> <span class='ocrx_word' id='word_1_305' title='bbox 1280 3858 1386 3922; x_wconf 63' lang='lat' dir='ltr'>gn]</span> <span class='ocrx_word' id='word_1_306' title='bbox 1424 3857 1499 3907; x_wconf 81' lang='lat' dir='ltr'>Cf.</span> <span class='ocrx_word' id='word_1_307' title='bbox 1608 3856 1794 3906; x_wconf 80' lang='lat' dir='ltr'>fulness</span> <span class='ocrx_word' id='word_1_308' title='bbox 1824 3856 1882 3905; x_wconf 83' lang='lat' dir='ltr'>of</span> <span class='ocrx_word' id='word_1_309' title='bbox 1923 3856 2019 3904; x_wconf 88' lang='lat' dir='ltr'>His</span> <span class='ocrx_word' id='word_1_310' title='bbox 2050 3872 2212 3920; x_wconf 83' lang='lat' dir='ltr'>grace,</span> <span class='ocrx_word' id='word_1_311' title='bbox 2255 3856 2522 3921; x_wconf 85' lang='lat' dir='ltr'>especially</span> <span class='ocrx_word' id='word_1_312' title='bbox 2557 3857 2642 3906; x_wconf 89' lang='lat' dir='ltr'>the</span> <span class='ocrx_word' id='word_1_313' title='bbox 2677 3858 2771 3921; x_wconf 86' lang='lat' dir='ltr'>gift</span> 
     </span>
     <span class='ocr_line' id='line_1_34' title="bbox 349 3934 2016 4003; baseline -0.007 -8"><span class='ocrx_word' id='word_1_314' title='bbox 349 3945 494 3994; x_wconf 86' lang='lat' dir='ltr'>Luke</span> <span class='ocrx_word' id='word_1_315' title='bbox 532 3945 562 3993; x_wconf 92' lang='lat' dir='ltr'>i.</span> <span class='ocrx_word' id='word_1_316' title='bbox 610 3946 672 3992; x_wconf 83' lang='lat'>28</span> <span class='ocrx_word' id='word_1_317' title='bbox 716 3942 1088 4002; x_wconf 78' lang='grc' dir='ltr'>κεχαριτωμένη,</span> <span class='ocrx_word' id='word_1_318' title='bbox 1127 3940 1291 4003; x_wconf 86' lang='lat' dir='ltr'>Vulg.‚</span> <span class='ocrx_word' id='word_1_319' title='bbox 1335 3940 1508 4003; x_wconf 78' lang='lat' dir='ltr'>gralia</span> <span class='ocrx_word' id='word_1_320' title='bbox 1609 3936 1667 3985; x_wconf 79' lang='lat' dir='ltr'>os</span> <span class='ocrx_word' id='word_1_321' title='bbox 1684 3935 1871 3984; x_wconf 87' lang='lat' dir='ltr'>eternal</span> <span class='ocrx_word' id='word_1_322' title='bbox 1894 3934 2016 3984; x_wconf 83' lang='lat' dir='ltr'>life.’</span> 
     </span>
     <span class='ocr_line' id='line_1_35' title="bbox 337 4015 2770 4090; baseline -0.003 -15"><span class='ocrx_word' id='word_1_323' title='bbox 337 4030 506 4090; x_wconf 82' lang='lat' dir='ltr'>plena.</span> <span class='ocrx_word' id='word_1_324' title='bbox 555 4025 732 4087; x_wconf 89' lang='lat' dir='ltr'>Chrys.</span> <span class='ocrx_word' id='word_1_325' title='bbox 780 4023 851 4070; x_wconf 86' lang='lat' dir='ltr'>ad</span> <span class='ocrx_word' id='word_1_326' title='bbox 889 4022 938 4071; x_wconf 87' lang='grc' dir='ltr'>Ιι.</span> <span class='ocrx_word' id='word_1_327' title='bbox 989 4022 1050 4071; x_wconf 88' lang='lat' dir='ltr'>I.:</span> <span class='ocrx_word' id='word_1_328' title='bbox 1108 4019 1191 4069; x_wconf 78' lang='grc' dir='ltr'>οὐκ</span> <span class='ocrx_word' id='word_1_329' title='bbox 1240 4023 1371 4068; x_wconf 79' lang='grc' dir='ltr'>εἶπεν</span> <span class='ocrx_word' id='word_1_330' title='bbox 1420 4016 1512 4080; x_wconf 68' lang='grc' dir='ltr'>’ἧς</span> <span class='ocrx_word' id='word_1_331' title='bbox 1684 4017 1755 4067; x_wconf 91' lang='lat'>16.</span> <span class='ocrx_word' id='word_1_332' title='bbox 1827 4018 1958 4081; x_wconf 78' lang='lat' dir='ltr'>quod</span> <span class='ocrx_word' id='word_1_333' title='bbox 1973 4017 2106 4064; x_wconf 75' lang='lat' dir='ltr'>dixit</span> <span class='ocrx_word' id='word_1_334' title='bbox 2132 4017 2210 4064; x_wconf 88' lang='lat' dir='ltr'>‘in</span> <span class='ocrx_word' id='word_1_335' title='bbox 2236 4015 2527 4076; x_wconf 84' lang='lat' dir='ltr'>dilecto,&#39;in</span> <span class='ocrx_word' id='word_1_336' title='bbox 2549 4018 2770 4080; x_wconf 67' lang='lat' dir='ltr'>Chr-62]</span> 
     </span>
     <span class='ocr_line' id='line_1_36' title="bbox 348 4099 2770 4168; baseline -0.002 -12"><span class='ocrx_word' id='word_1_337' title='bbox 348 4101 856 4168; x_wconf 77' lang='grc' dir='ltr'>ἐχαρίσατο,’ἀλλ’</span> <span class='ocrx_word' id='word_1_338' title='bbox 891 4104 1287 4162; x_wconf 67' lang='grc' dir='ltr'>’ἐχαρίτωσεν</span> <span class='ocrx_word' id='word_1_339' title='bbox 1322 4099 1509 4159; x_wconf 81' lang='grc' dir='ltr'>ἠμᾶς·’</span> <span class='ocrx_word' id='word_1_340' title='bbox 1615 4101 1711 4149; x_wconf 88' lang='lat' dir='ltr'>See</span> <span class='ocrx_word' id='word_1_341' title='bbox 1751 4099 1915 4148; x_wconf 84' lang='lat' dir='ltr'>below</span> <span class='ocrx_word' id='word_1_342' title='bbox 1953 4115 2019 4147; x_wconf 89' lang='lat' dir='ltr'>on</span> <span class='ocrx_word' id='word_1_343' title='bbox 2066 4099 2175 4148; x_wconf 92' lang='lat' dir='ltr'>Col.</span> <span class='ocrx_word' id='word_1_344' title='bbox 2228 4099 2260 4147; x_wconf 92' lang='lat' dir='ltr'>i.</span> <span class='ocrx_word' id='word_1_345' title='bbox 2313 4114 2384 4160; x_wconf 83' lang='lat'>13·</span> <span class='ocrx_word' id='word_1_346' title='bbox 2436 4100 2535 4148; x_wconf 84' lang='lat' dir='ltr'>and</span> <span class='ocrx_word' id='word_1_347' title='bbox 2579 4099 2643 4149; x_wconf 81' lang='lat' dir='ltr'>cf.</span> <span class='ocrx_word' id='word_1_348' title='bbox 2686 4101 2770 4150; x_wconf 81' lang='lat' dir='ltr'>the</span> 
     </span>
     <span class='ocr_line' id='line_1_37' title="bbox 348 4178 2771 4245; baseline -0.003 -9"><span class='ocrx_word' id='word_1_349' title='bbox 348 4190 613 4245; x_wconf 79' lang='grc' dir='ltr'>τουτέστιν,</span> <span class='ocrx_word' id='word_1_350' title='bbox 660 4183 712 4234; x_wconf 80' lang='grc' dir='ltr'>οὐ</span> <span class='ocrx_word' id='word_1_351' title='bbox 749 4187 895 4243; x_wconf 82' lang='grc' dir='ltr'>μόνον</span> <span class='ocrx_word' id='word_1_352' title='bbox 937 4180 1298 4244; x_wconf 70' lang='grc' dir='ltr'>ἁμαρτημάτων</span> <span class='ocrx_word' id='word_1_353' title='bbox 1353 4183 1509 4240; x_wconf 71' lang='grc' dir='ltr'>ἀπήλ-</span> <span class='ocrx_word' id='word_1_354' title='bbox 1611 4179 1880 4242; x_wconf 84' lang='lat' dir='ltr'>fragments</span> <span class='ocrx_word' id='word_1_355' title='bbox 1903 4179 1961 4226; x_wconf 83' lang='lat' dir='ltr'>os</span> <span class='ocrx_word' id='word_1_356' title='bbox 1985 4180 2080 4227; x_wconf 89' lang='lat' dir='ltr'>Th.</span> <span class='ocrx_word' id='word_1_357' title='bbox 2118 4195 2184 4227; x_wconf 90' lang='lat' dir='ltr'>on</span> <span class='ocrx_word' id='word_1_358' title='bbox 2220 4179 2367 4226; x_wconf 79' lang='lat' dir='ltr'>Matt.</span> <span class='ocrx_word' id='word_1_359' title='bbox 2403 4178 2473 4228; x_wconf 89' lang='lat' dir='ltr'>iii.</span> <span class='ocrx_word' id='word_1_360' title='bbox 2515 4193 2588 4242; x_wconf 87' lang='lat'>17,</span> <span class='ocrx_word' id='word_1_361' title='bbox 2626 4182 2771 4231; x_wconf 88' lang='lat' dir='ltr'>Luke</span> 
     </span>
     <span class='ocr_line' id='line_1_38' title="bbox 347 4259 2302 4330; baseline -0.007 -10"><span class='ocrx_word' id='word_1_362' title='bbox 347 4274 508 4330; x_wconf 77' lang='grc' dir='ltr'>λαξεν,</span> <span class='ocrx_word' id='word_1_363' title='bbox 571 4267 702 4318; x_wconf 74' lang='grc' dir='ltr'>ἀλλὰ</span> <span class='ocrx_word' id='word_1_364' title='bbox 767 4269 846 4315; x_wconf 81' lang='grc' dir='ltr'>καὶ</span> <span class='ocrx_word' id='word_1_365' title='bbox 910 4264 1198 4326; x_wconf 71' lang='grc' dir='ltr'>ἐπεράστους</span> <span class='ocrx_word' id='word_1_366' title='bbox 1266 4267 1507 4324; x_wconf 75' lang='grc' dir='ltr'>ἐποίησεν.</span> <span class='ocrx_word' id='word_1_367' title='bbox 1612 4262 1679 4310; x_wconf 85' lang='lat' dir='ltr'>iii.</span> <span class='ocrx_word' id='word_1_368' title='bbox 1706 4276 1764 4310; x_wconf 78' lang='lat'>22</span> <span class='ocrx_word' id='word_1_369' title='bbox 1794 4260 2002 4324; x_wconf 83' lang='lat' dir='ltr'>(Migne,</span> <span class='ocrx_word' id='word_1_370' title='bbox 2034 4276 2143 4324; x_wconf 79' lang='lat'>705.</span> <span class='ocrx_word' id='word_1_371' title='bbox 2172 4259 2302 4324; x_wconf 81' lang='lat'>717).</span> 
     </span>
     <span class='ocr_line' id='line_1_39' title="bbox 351 4342 2764 4409; baseline -0.001 -12"><span class='ocrx_word' id='word_1_372' title='bbox 351 4347 602 4409; x_wconf 86' lang='lat' dir='ltr'>Similarly</span> <span class='ocrx_word' id='word_1_373' title='bbox 626 4346 778 4394; x_wconf 88' lang='lat' dir='ltr'>Thdt.</span> <span class='ocrx_word' id='word_1_374' title='bbox 808 4344 908 4392; x_wconf 85' lang='lat' dir='ltr'>and</span> <span class='ocrx_word' id='word_1_375' title='bbox 933 4343 1082 4402; x_wconf 83' lang='lat' dir='ltr'>Oee.;</span> <span class='ocrx_word' id='word_1_376' title='bbox 1106 4342 1168 4391; x_wconf 81' lang='lat' dir='ltr'>cs.</span> <span class='ocrx_word' id='word_1_377' title='bbox 1196 4342 1380 4392; x_wconf 90' lang='lat' dir='ltr'>Suicer.</span> <span class='ocrx_word' id='word_1_378' title='bbox 1404 4359 1443 4389; x_wconf 89' lang='lat' dir='ltr'>s.</span> <span class='ocrx_word' id='word_1_379' title='bbox 1459 4359 1506 4390; x_wconf 83' lang='lat' dir='ltr'>v.</span> <span class='ocrx_word' id='word_1_380' title='bbox 1684 4346 1754 4393; x_wconf 88' lang='lat'>18.</span> <span class='ocrx_word' id='word_1_381' title='bbox 1829 4345 1883 4391; x_wconf 78' lang='lat' dir='ltr'>in</span> <span class='ocrx_word' id='word_1_382' title='bbox 1906 4344 2076 4392; x_wconf 83' lang='lat' dir='ltr'>ordine</span> <span class='ocrx_word' id='word_1_383' title='bbox 2086 4342 2459 4407; x_wconf 78' lang='lat' dir='ltr'>primillamm]</span> <span class='ocrx_word' id='word_1_384' title='bbox 2500 4343 2574 4394; x_wconf 81' lang='lat' dir='ltr'>Cf.</span> <span class='ocrx_word' id='word_1_385' title='bbox 2606 4361 2625 4393; x_wconf 87' lang='lat'>1</span> <span class='ocrx_word' id='word_1_386' title='bbox 2648 4345 2764 4396; x_wconf 92' lang='lat' dir='ltr'>Cor.</span> 
     </span>
     <span class='ocr_line' id='line_1_40' title="bbox 349 4421 2772 4492; baseline -0.002 -14"><span class='ocrx_word' id='word_1_387' title='bbox 349 4432 579 4492; x_wconf 83' lang='grc' dir='ltr'>χαριτόω.</span> <span class='ocrx_word' id='word_1_388' title='bbox 647 4428 746 4476; x_wconf 89' lang='lat' dir='ltr'>Th.</span> <span class='ocrx_word' id='word_1_389' title='bbox 786 4426 967 4489; x_wconf 84' lang='lat' dir='ltr'>adopts</span> <span class='ocrx_word' id='word_1_390' title='bbox 1011 4440 1041 4472; x_wconf 88' lang='lat' dir='ltr'>a</span> <span class='ocrx_word' id='word_1_391' title='bbox 1080 4422 1419 4472; x_wconf 83' lang='lat' dir='ltr'>modification</span> <span class='ocrx_word' id='word_1_392' title='bbox 1460 4422 1517 4471; x_wconf 87' lang='lat' dir='ltr'>of</span> <span class='ocrx_word' id='word_1_393' title='bbox 1613 4441 1695 4472; x_wconf 86' lang='lat' dir='ltr'>xv.</span> <span class='ocrx_word' id='word_1_394' title='bbox 1716 4438 1778 4472; x_wconf 67' lang='grc' dir='ltr'>ἰο</span> <span class='ocrx_word' id='word_1_395' title='bbox 1795 4424 1995 4474; x_wconf 73' lang='grc' dir='ltr'>ἕκαστος</span> <span class='ocrx_word' id='word_1_396' title='bbox 2017 4425 2069 4472; x_wconf 79' lang='grc' dir='ltr'>ἐν</span> <span class='ocrx_word' id='word_1_397' title='bbox 2087 4421 2156 4484; x_wconf 76' lang='grc' dir='ltr'>τῷ</span> <span class='ocrx_word' id='word_1_398' title='bbox 2178 4425 2281 4484; x_wconf 75' lang='grc' dir='ltr'>ἰδίῳ</span> <span class='ocrx_word' id='word_1_399' title='bbox 2303 4423 2533 4484; x_wconf 78' lang='grc' dir='ltr'>τάγματι·</span> <span class='ocrx_word' id='word_1_400' title='bbox 2568 4426 2772 4488; x_wconf 71' lang='grc' dir='ltr'>ἀπαρχὴ</span> 
     </span>
    </p>
   </div>
   <div class='ocr_carea' id='block_1_6' title="bbox 349 4502 1842 4571">
    <p class='ocr_par' dir='ltr' id='par_1_12' title="bbox 349 4502 1842 4571">
     <span class='ocr_line' id='line_1_41' title="bbox 349 4502 1842 4571; baseline -0.009 -7"><span class='ocrx_word' id='word_1_401' title='bbox 349 4515 448 4564; x_wconf 88' lang='lat' dir='ltr'>this</span> <span class='ocrx_word' id='word_1_402' title='bbox 483 4514 609 4562; x_wconf 80' lang='lat' dir='ltr'>view</span> <span class='ocrx_word' id='word_1_403' title='bbox 622 4530 637 4571; x_wconf 84' lang='grc'><strong>;</strong></span> <span class='ocrx_word' id='word_1_404' title='bbox 686 4512 801 4562; x_wconf 85' lang='lat' dir='ltr'>‘He</span> <span class='ocrx_word' id='word_1_405' title='bbox 845 4507 1101 4559; x_wconf 82' lang='lat' dir='ltr'>bestowed</span> <span class='ocrx_word' id='word_1_406' title='bbox 1146 4522 1282 4570; x_wconf 90' lang='lat' dir='ltr'>upon</span> <span class='ocrx_word' id='word_1_407' title='bbox 1325 4522 1383 4555; x_wconf 87' lang='lat' dir='ltr'>us</span> <span class='ocrx_word' id='word_1_408' title='bbox 1426 4505 1512 4554; x_wconf 89' lang='lat' dir='ltr'>the</span> <span class='ocrx_word' id='word_1_409' title='bbox 1617 4502 1842 4565; x_wconf 75' lang='grc' dir='ltr'>Χριστός.</span> 
     </span>
    </p>
   </div>
  </div>
 </body>
</html>
