3293 5233
444 400 1041 454 COMMENTARIES
1086 400 1191 453 ON
1242 401 1395 452 THE
1443 399 1783 453 EPISTLES
1830 400 1925 450 OF
1971 399 2025 451 S.
2060 398 2268 451 PAUL.
2359 385 2529 448 lxxv

687 592 1012 639 mucius.
1814 590 2176 659 Tnssononn.

1138 682 1211 764 (c)
1293 685 1425 745 Gal.
1471 682 1552 744 iii.
1601 702 1693 744 20.

374 802 408 827 ⁸⁸
425 798 485 849 in
503 813 661 849 manu
675 799 986 859 medaban-225,-
1005 800 1112 850 siue
1128 798 1367 864 Moysi[s]
1533 802 1565 827 ‘⁴
1584 798 1642 847 in
1678 814 1838 847 manu
1872 796 2152 847 mediator&
2185 796 2350 860 Moysi
2382 795 2518 847 dicit.

310 886 365 931 ut
408 880 615 945 quidam
662 886 1025 945 putant...nam
1073 888 1123 932 et
1165 882 1368 945 Moyses
1475 880 1738 942 ...Moyses
1780 878 1985 943 quidem
2030 877 2130 929 Dei
2175 884 2225 928 et
2264 877 2523 928 hominum

311 960 488 1026 (aiunt)
509 962 636 1014 inter
653 963 820 1013 Deum
843 969 895 1014 et
915 964 1157 1029 populum
1174 964 1368 1015 medius
1468 960 1668 1010 illorum
1690 960 1775 1025 qui
1798 961 1960 1026 legem
1992 960 2304 1026 accipiebant
2338 960 2522 1011 media-

308 1042 453 1094 suit.'’
1470 1050 1549 1094 tor
1570 1043 1730 1095 erat.'’

1119 1207 1216 1289 (a)
1301 1208 1452 1285 Eph.
1500 1205 1532 1267 i.
1586 1195 1677 1265 2'0.

381 1316 549 1383 “quia
570 1332 724 1368 unum
756 1326 829 1370 est
862 1321 963 1370 iam
997 1335 1111 1371 cum
1146 1321 1261 1372 Deo
1294 1335 1368 1370 as-
1539 1318 1654 1368 “de
1686 1324 1918 1383 suscepto
1950 1317 2153 1368 homine
2174 1319 2228 1368 id
2249 1318 2435 1378 dicens,
2464 1333 2525 1368 eo

311 1405 536 1464 sumptus
557 1398 761 1451 homo.''
1468 1399 1605 1465 quod
1650 1407 1855 1464 propter
1897 1399 2258 1449 inhabitantem
2303 1399 2355 1448 in
2410 1414 2525 1448 eum

1199 1473 1213 1486 ”
1471 1489 1699 1531 naturam
1723 1481 1820 1530 Dei
1844 1479 2000 1530 Verbi
2022 1481 2089 1528 ab
2111 1479 2343 1529 omnibus
2374 1479 2524 1529 habet

1471 1562 1717 1613 adorari.'’

1128 1720 1202 1800 (e)
1288 1719 1434 1779 Phil.
1484 1718 1517 1779 i.
1572 1737 1619 1777 1.

383 1830 516 1880 “hic
571 1830 890 1897 ‘episcopos’
937 1834 1251 1899 presbyteros
1295 1834 1367 1884 in·
1542 1831 1914 1897 “‘episcopos'
1947 1831 2070 1881 dixit
2106 1831 2218 1880 illos
2262 1830 2348 1896 qui
2392 1846 2523 1880 nunc

314 1913 594 1978 tellegimus
613 1932 629 1975 ;
685 1930 787 1964 non
827 1918 959 1964 enim
1007 1916 1059 1964 in
1103 1931 1202 1965 una
1246 1916 1369 1965 urbe
1470 1915 1746 1981 presbyteri
1773 1916 2028 1971 dicuntum
2066 1929 2157 1963 nec
2181 1913 2314 1963 enim
2336 1913 2525 1961 ordinis

316 1992 481 2056 plures
503 1995 724 2059 episcopi
748 2012 852 2045 esse
875 1997 1163 2059 potuissent.
1174 1994 1204 2017 ’'
1470 2003 1574 2047 erat
1606 1996 1791 2045 multos
1822 1996 1871 2044 in
1895 2010 1994 2044 una
2025 1995 2227 2043 ciuitate
2257 2009 2363 2043 esse
2390 1993 2517 2051 illos,

1470 2078 1555 2142 qui
1580 2092 1711 2127 nunc
1734 2077 1954 2141 episcopi
1977 2074 2374 2140 nuncupantur.'’

1047 2232 1156 2311 (f)
1270 2231 1416 2292 Phil.
1463 2232 1518 2291 ii.
1568 2235 1623 2304 6,
1669 2251 1753 2307 sq.

384 2345 576 2395 “multi
621 2352 874 2410 praeter&
906 2348 1038 2397 hunc
1088 2347 1252 2398 locum
1309 2348 1377 2397 ita
1478 2363 1489 2375 ·
1537 2349 1568 2372 “
1590 2346 1729 2395 Deus
1753 2344 1978 2394 Verbum
2000 2345 2119 2395 talia
2142 2354 2320 2409 sponte
2355 2345 2527 2393 secisse

317 2424 611 2490 intellegunt
661 2429 796 2492 quod
834 2430 1107 2478 secundum
1145 2429 1376 2479 diuinita-
1471 2426 1732 2475 uidebatur
1774 2427 1843 2475 ita
1888 2435 1941 2476 ut
1987 2443 2078 2492 pro
2121 2427 2331 2476 aliorum
2370 2426 2528 2476 salute

316 2512 422 2557 tem
453 2523 508 2558 se
546 2509 827 2560 humiliauit
868 2510 1375 2575 Christus...fhrmam
1473 2510 1938 2574 praehonorandam
1990 2509 2221 2560 omnibus
2280 2509 2527 2559 existima-

317 2590 467 2652 κεναί,
495 2590 592 2641 hoc
625 2599 715 2653 aet,
742 2599 968 2644 naturam
992 2592 1211 2644 hominis
1233 2593 1375 2643 indu·
1473 2598 1545 2641 ret
1567 2587 1953 2642 humilitatem.”

316 2673 479 2722 cendo
532 2673 809 2736 [induendo
821 2674 865 2736 Ρ]
879 2676 1249 2740 ...semetipsum
1294 2692 1373 2725 ex·
1543 2671 1807 2735 “firmam
1853 2679 2021 2721 autem
2074 2671 2226 2731 serui,
2285 2678 2341 2720 ut
2394 2671 2528 2721 dicat

316 2754 547 2804 inaniuit
558 2771 583 2815 ,·
626 2756 763 2820 quod
796 2763 915 2817 erat,
957 2756 1265 2808 ‘humilitate
1298 2773 1373 2808 ce·
1473 2754 1724 2804 ‘naturam
1755 2754 1918 2816 serui,'
1944 2754 2213 2803 humanam
2242 2755 2314 2803 sic
2346 2769 2530 2803 uocans

315 2835 472 2886 lauit-²
487 2834 519 2859 ’⁹
591 2909 602 2918 ·
1472 2835 1751 2887 naturam.”

1537 2931 1594 2980 τὸ
1644 2926 1730 2979 οὖν
1772 2918 1993 2992 emron
2043 2917 2375 2992 ἑκέΝωεεΝ,
2423 2932 2530 2978 ἀντὶ

1472 3016 1562 3068 τοῦ
1585 3014 1669 3069 οὐκ
1695 3020 1869 3082 ἔδειξεν
1900 3017 2219 3079 ἑαυτόν...τὴν
2246 3017 2380 3079 ἀξίαν
2413 3020 2528 3068 ἐκεί-

1474 3119 1556 3162 νην
1577 3099 1871 3166 ἀπέκρυψεν.

1136 3256 1227 3335 (g)
1312 3258 1460 3318 Phil.
1507 3258 1563 3321 ii.
1616 3282 1703 3320 1o.

390 3369 493 3418 “ut
516 3384 689 3418 omnes
712 3368 859 3418 simul
882 3368 1137 3420 hominem
1167 3371 1376 3422 adorent
1549 3373 1653 3423 “ut
1677 3391 1850 3425 omnes
1881 3375 2021 3424 illum
2055 3374 2533 3437 adorent...propter

317 3464 430 3499 eum
457 3450 627 3501 Verbo
648 3449 1014 3515 assumptum.”
1478 3455 1615 3505 illam
1661 3455 2031 3519 copulationem
2075 3470 2227 3520 quam
2270 3454 2420 3504 habet
2466 3454 2531 3502 ad

1487 3537 1867 3601 Unigenitum.’'

1148 3692 1238 3771 (lt)
1324 3695 1453 3754 Col.
1502 3695 1536 3754 i.
1591 3712 1680 3772 15.

392 3807 799 3872 “primogenitus
827 3808 1098 3858 secundum
1134 3809 1374 3874 assumpti
1550 3815 1643 3862 “et
1668 3812 1817 3861 alibi:
1838 3811 1987 3875 filius
2011 3827 2145 3860 meus
2170 3809 2534 3874 ptimogmilus

316 3888 535 3938 hominis
588 3890 800 3938 sormam
855 3905 955 3938 non
1012 3897 1236 3955 tempore
1287 3892 1374 3940 sed
1477 3896 1651 3953 Israel,
1684 3895 1781 3944 hoc
1815 3902 1906 3952 est,
1944 3892 2277 3943 ‘honorabilis
2317 3891 2437 3940 mihi
2455 3889 2527 3938 ’...

318 3971 522 4032 honore,
557 3972 694 4020 iuxta
727 3972 886 4022 illud:
915 3973 1070 4037 filius
1105 3991 1242 4024 meus
1261 3977 1377 4039 pri·
1477 3979 1548 4027 sic
1565 3985 1614 4026 et
1631 3976 1731 4025 hoc
1752 3976 1804 4024 in
1828 3975 1939 4024 loco
1961 3975 2097 4039 quod
2115 3974 2330 4022 dixerat:
2345 3971 2531 4036 primo·

320 4053 593 4117 mogeuitus
608 4052 819 4104 Israel.”
1472 4059 1667 4122 genitus
1688 4058 1833 4106 totius
1854 4065 2116 4116 creaturae,
2139 4056 2236 4104 hoc
2253 4062 2344 4114 est,
2364 4055 2533 4118 ‘supet

1479 4153 1680 4188 omnem
1704 4142 1977 4187 creaturam
2000 4130 2381 4185 honorabili5.'”

1113 4302 1186 4382 (t)
1277 4323 1300 4361 1
1350 4301 1506 4362 Tim.
1554 4301 1632 4362 iii.
1687 4319 1737 4359 1.

389 4415 499 4465 aad
543 4415 665 4465 boni
710 4415 876 4480 operis
919 4414 1216 4466 desiderium
1263 4432 1376 4466 eum
1550 4416 1730 4464 “bene
1762 4421 1879 4478 opus
1913 4413 2037 4462 dixit
2074 4420 2122 4463 et
2155 4428 2256 4463 uon
2294 4412 2533 4476 ‘dignita‘

315 4515 376 4564 ΡΥ
377 4503 572 4560 0110034,
598 4513 699 4548 non
722 4499 786 4547 ad
809 4498 1103 4547 honorem.’'
1479 4496 1615 4547 tem)
1632 4494 1661 4517 ’ν

2244 4598 2363 4678 s2
