3293 5233
459 2830 546 2880 20

578 416 706 481 304

1225 414 1327 464 ΤΗ
1336 413 1684 465 EODORUS
1729 412 2319 467 MOPSUESTENUS

2574 399 2732 483 [111.
2773 401 2866 478 16,
2907 414 2997 481 17.

573 604 812 668 corpus
863 585 986 650 sibi
1043 585 1167 669 ipsi
1218 605 1538 669 umquam
1587 586 1714 649 scit
1759 585 2138 651 dissentire(
2213 586 2308 650 ita
2358 587 2675 652 conuenit
2721 608 2857 665 uos,
2907 590 2996 653 ob

572 685 745 750 hanc
776 688 987 770 ipsam
1020 688 1439 752 uocationem
1471 689 1781 770 operibus
1809 698 2035 772 gratos
2056 689 2288 755 habitu
2321 712 2442 756 uos
2472 692 2752 768 ostendi,
2778 701 2995 755 custo-

573 788 831 853 dientes
863 788 1044 874 illam
1077 810 1233 876 erga
1262 790 1652 855 alterutrum
1686 792 2012 875 integram
2043 791 2501 857 uocationem!
2530 796 2540 830 ³

704 942 970 1006 uerbum
999 940 1134 1005 Dei
1160 940 1474 1005 inhabitet
1501 940 1571 1005 in
1603 941 1782 1005 uobis
1809 938 2145 1006 ditissime.

706 1065 826 1130 '‘sit
886 1066 1153 1150 (inquit)
1222 1067 1289 1129 in
1365 1068 1553 1131 uobis
1625 1066 1811 1149 larga
1886 1065 2130 1132 Christi
2202 1066 2540 1134 doctrina.'

573 1170 849 1254 modum
875 1169 900 1231 ἲ

2672 1070 2993 1153 quemad-

630 1353 635 1356 Α
704 1296 774 1359 in
802 1294 985 1358 omni
1005 1294 1321 1377 sapientia
1349 1295 1628 1359 docentes
1654 1305 1717 1358 et
1742 1294 2146 1358 admonentes
2173 1317 2287 1359 uos
2317 1295 2498 1380 ipsos.

704 1446 832 1509 ‘sic
862 1446 1123 1510 illorum
1154 1447 1489 1510 assiduam
1520 1445 1766 1509 habete
1797 1445 2203 1522 memoriam,
2237 1454 2310 1510 ut
2340 1466 2601 1529 semper
2630 1445 2991 1511 uideamini

572 1568 694 1610 uos
725 1548 903 1631 ipsos
935 1550 1173 1612 docere
1202 1557 1269 1611 et
1300 1549 1676 1623 admonere,
1708 1555 2223 1628 consequentem
2255 1548 2314 1609 ei
2346 1548 2688 1612 doctrinae
2716 1567 2992 1610 conuer-

466 1665 546 1713 10
571 1652 896 1715 sationem
922 1660 1352 1714 ostentantes
1385 1651 1478 1714 sic
1502 1651 1678 1713 enim
1705 1650 1827 1714 erit
1851 1649 2177 1713 ditissima
2202 1651 2267 1713 in
2295 1651 2485 1713 uobis
2508 1652 2647 1714 eius
2669 1653 2989 1729 doctrina,

572 1752 625 1814 si
672 1772 933 1834 semper
966 1752 1131 1816 haec
1167 1754 1401 1816 eadem
1443 1752 1815 1834 cogitantes
1853 1751 1918 1814 in
1967 1761 2190 1815 uestro
2231 1773 2427 1815 sensu
2469 1773 2616 1828 eam
2656 1755 2989 1817 custodire

570 1853 947 1917 uolueritis)
992 1874 1144 1917 nam
1172 1855 1349 1937 quod
1372 1854 1566 1928 dixit,
1590 1853 1661 1914 in
1678 1853 1860 1916 omni
1882 1852 2214 1935 sapientia,
2238 1854 2687 1936 ‘sapientiam’
2719 1855 2989 1918 uocauit

570 1949 754 2017 illum
781 1955 1188 2019 intellectum
1223 1955 1334 2037 qui
1367 1956 1451 2018 de
1484 1955 1625 2018 istis
1658 1963 1775 2018 est.

682 2106 964 2189 psalmis
1011 2105 1271 2188 hymnis
1313 2117 1376 2170 et
1411 2105 1677 2170 canticis
1714 2104 2133 2188 spiritalibus,
2173 2104 2244 2169 in
2276 2106 2510 2189 gratia
2551 2116 2881 2170 cantantes
2917 2107 2988 2171 in

465 2217 534 2284 15
565 2207 859 2272 cordibus
888 2208 1123 2272 uestris·
1150 2209 1300 2272 Deo.

702 2337 996 2415 ‘semper
1026 2333 1294 2415 (inquit)
1327 2333 1394 2396 in
1426 2353 1621 2396 sensu
1655 2343 1875 2397 uestro
1905 2333 2152 2416 gratias
2189 2334 2369 2416 agite
2411 2333 2560 2398 Deo
2594 2355 2714 2413 pro
2745 2337 2988 2418 quibus

568 2432 731 2497 talia
762 2435 1092 2517 praestitit
1123 2435 1354 2499 uobiS.'

607 2636 618 2645 .
697 2599 761 2653 et
808 2609 990 2653 omne
1037 2572 1462 2672 quodcumque
1489 2587 1731 2671 facitis
1777 2587 1846 2651 in
1893 2588 2080 2653 uerbo
2125 2599 2246 2653 aut
2291 2588 2362 2653 in
2407 2602 2594 2673 opere,
2647 2592 2867 2656 omnia
2915 2593 2986 2658 in

568 2691 821 2754 nomine
848 2689 1101 2754 domini
1124 2690 1289 2767 Iesu,
1309 2690 1576 2773 gratias
1602 2700 1859 2773 agentes
1889 2692 2026 2754 Deo
2054 2699 2118 2753 et
2143 2691 2353 2755 Patri
2363 2704 2491 2774 per
2516 2693 2741 2775 ipsum.

703 2822 805 2881 ‘et
850 2820 1315 2901 quodcumque
1361 2816 1628 2901 (inquit)
1678 2825 1795 2879 aut
1839 2817 2059 2881 dicitis
2104 2827 2219 2881 aut
2270 2820 2485 2903 agitis,
2536 2822 2866 2886 intuentes
2915 2823 2981 2886 in

571 2921 851 3000 Christo,
890 2924 1183 2987 debitam
1235 2923 1594 3005 gratiarum
1649 2921 1979 2984 actionem
2030 2922 2178 2983 Deo
2220 2931 2289 2985 et
2327 2922 2501 2985 Patri
2553 2924 2788 2988 referre
2833 2946 2984 3008 pro-

568 3035 796 3110 perate
827 3046 946 3109 pro
979 3026 1103 3089 illis
1135 3046 1305 3109 quae
1335 3046 1452 3107 per
1490 3024 1827 3088 Christum
1861 3025 2049 3086 uobis
2098 3036 2250 3088 sunt
2296 3026 2646 3107 praestita.’

673 3212 692 3246 1
731 3213 820 3246 uos
842 3213 919 3246 om
946 3197 989 3246 C
1011 3197 1153 3258 (corr)

567 3278 693 3327 sime
715 3278 794 3336 sit,
821 3277 910 3327 ἃς.
939 3292 971 3324 r
1100 3289 1127 3338 7
1161 3276 1298 3340 ipsos
1318 3290 1395 3323 om
1418 3276 1485 3323 H

571 3375 627 3408 τι
668 3358 922 3408 Christum
950 3358 992 3405 C
1015 3356 1161 3418 (corr)

642 3533 683 3567 ι.
749 3514 975 3564 conuenit
1016 3520 1294 3577 uos...oper.
1338 3519 1505 3576 gratos
1549 3512 1726 3561 habitu

569 3605 656 3648 icos
697 3599 808 3659 ost.]
874 3595 1101 3659 προσήκει
1145 3593 1266 3653 ὑμᾶς
1308 3597 1388 3645 ἐπὶ
1433 3597 1529 3643 τῶν
1571 3599 1724 3656 ἔργων

570 3681 878 3740 εὐχαρίστους
902 3679 1157 3737 φαίνεσθαι
1185 3673 1256 3736 τῷ
1284 3673 1447 3738 τρόπῳ
1463 3677 1539 3737 (Ρ).
1612 3677 1725 3726 The

570 3762 833 3826 repetition
872 3760 931 3809 os
969 3775 1054 3808 uos
1091 3759 1132 3807 is
1168 3759 1389 3823 possibly
1425 3774 1456 3807 a
1490 3759 1724 3824 copyist's

568 3860 718 3893 error.

635 3948 681 3990 4.
754 3927 955 3975 uerbum
995 3924 1115 3986 Det]
1200 3925 1296 3975 See
1329 3940 1406 3973 vv.
1447 3924 1499 3973 11.
1585 3924 1714 3973 Rab.

568 4010 661 4060 has
698 4010 931 4060 followed
971 4010 1056 4058 the
1089 4008 1293 4071 reading
1325 4008 1383 4055 os
1412 4008 1496 4057 the
1530 4008 1681 4071 Vulg.
1708 4026 1721 4067 3

569 4093 628 4140 of
645 4093 726 4141 the
750 4092 891 4140 other
914 4098 1013 4139 two
1037 4089 1265 4152 readings
1282 4089 1305 4136 I
1321 4089 1449 4137 have
1473 4088 1722 4152 preferred

569 4174 685 4232 Dei,
716 4174 849 4222 since
877 4172 974 4221 this
1001 4170 1206 4220 accords
1228 4170 1350 4218 with
1374 4168 1572 4218 Thdt.'s
1595 4176 1714 4228 text,

568 4255 667 4303 and
692 4254 775 4303 the
796 4253 989 4315 change
1011 4252 1117 4300 into
1136 4250 1232 4298 diii
1253 4249 1417 4298 would
1440 4250 1567 4298 have
1592 4250 1719 4298 been

569 4337 759 4399 readily
779 4335 926 4385 made
959 4335 1026 4397 by
1048 4349 1078 4382 a
1111 4333 1270 4382 scribe
1304 4332 1470 4381 whose
1504 4347 1593 4395 eye
1616 4347 1720 4379 was

570 4415 690 4462 used
715 4422 767 4461 to
794 4412 987 4461 Christi
1006 4411 1056 4459 in
1083 4410 1179 4459 this
1201 4410 1361 4475 place.

633 4492 890 4551 ditissime]
990 4490 1085 4538 See
1148 4505 1225 4537 vv.
1288 4490 1339 4539 ll.
1447 4491 1507 4537 In
1586 4489 1716 4537 Rab.

2734 3030 2981 3092 etenim

1415 3214 1446 3258 4
1481 3194 1673 3243 domini
1702 3195 1747 3243 C
1809 3195 1993 3244 Christi
2018 3210 2049 3241 r
2074 3191 2082 3257 Ι
2111 3193 2301 3244 habitet
2324 3195 2375 3243 in
2398 3211 2446 3244 u.
2475 3195 2800 3247 abundanter.
2824 3197 2982 3249 Ditis-

1628 3291 1662 3341 9
1695 3275 1766 3324 eis
1794 3276 1839 3324 C
1848 3277 1910 3324 H
1919 3292 1951 3323 r

1361 3368 1420 3404 22
1456 3355 1508 3403 in
1533 3354 1632 3419 (oft
1651 3356 1856 3415 etenim)
1880 3356 1983 3404 add
1999 3373 2031 3404 r

2084 3275 2141 3325 16
2175 3276 2261 3340 qui
2285 3277 2402 3340 (fir
2421 3292 2512 3340 pro
2536 3276 2735 3341 quibus)
2765 3277 2809 3325 C
2828 3275 2976 3341 (corr)

1817 3513 1903 3562 the
1966 3513 2116 3576 Vulg.
2175 3512 2441 3577 rendering
2501 3514 2823 3563 abundanter
2884 3514 2978 3565 has

1819 3596 1977 3644 thrust
2025 3593 2162 3643 itsels
2198 3594 2250 3642 in
2295 3594 2465 3644 before
2507 3596 2685 3655 ditiss„
2734 3596 2835 3644 and
2890 3596 2977 3646 the

1818 3676 1966 3726 latter
1997 3676 2134 3724 word
2171 3675 2211 3724 is
2243 3676 2434 3724 treated
2466 3691 2521 3724 as
2552 3677 2637 3725 the
2672 3676 2774 3725 first
2797 3676 2857 3725 of
2888 3678 2975 3727 the

1818 3767 1933 3807 next
1981 3765 2249 3807 sentence:
2308 3757 2598 3807 “ditissime
2642 3758 2704 3807 sit
2751 3759 2967 3824 (inquit),

1818 3837 1946 3888 &c.”
2011 3839 2184 3903 Larga
2233 3838 2465 3888 however
2510 3854 2727 3888 answers
2781 3840 2834 3889 in
2886 3842 2975 3892 the

1818 3936 2000 3969 comm.
2025 3928 2079 3968 to
2104 3922 2356 3969 πλουσίως.

1887 4015 1933 4065 9.
2006 4006 2362 4062 consequentem
2416 3998 2464 4047 ei
2519 4000 2670 4048 doctr.
2732 4001 2974 4063 tormen-,J

1820 4081 1871 4129 If
1908 4081 1987 4139 ees,
2029 4082 2114 4130 the
2149 4081 2354 4144 reading
2387 4079 2445 4129 of
2472 4080 2555 4130 the
2590 4082 2760 4141 MSS„
2801 4085 2864 4133 be
2897 4101 2972 4134 re-

1816 4162 1998 4221 tained,
2027 4163 2175 4210 doctr.
2206 4169 2335 4210 must
2360 4162 2421 4210 be
2444 4161 2660 4225 rejected
2685 4179 2740 4212 as
2762 4180 2792 4212 a
2812 4166 2963 4227 gloss.

1887 4259 1958 4306 13.
2019 4244 2167 4293 illum
2188 4244 2502 4303 intellectum,
2523 4244 2639 4305 δια]
2679 4244 2773 4294 See
2788 4245 2964 4305 above,

1814 4342 1881 4376 on
1907 4343 1950 4376 c.
1977 4327 2011 4375 i.
2036 4343 2081 4393 9.

1886 4406 1957 4457 16.
2024 4416 2209 4472 semper
2230 4405 2461 4473 (inquil),
2486 4408 2599 4468 &c.]
2655 4407 2756 4458 For
2775 4424 2803 4457 a
2828 4408 2974 4462 fuller

1813 4489 2091 4553 exposition
2115 4505 2196 4538 see
2219 4505 2266 4553 p.
2307 4492 2411 4551 182,
2442 4491 2474 4538 1.
2504 4504 2546 4551 5,
2577 4506 2650 4553 sq.
