<?xml version="1.0" encoding="UTF-8"?>
<!DOCTYPE html PUBLIC "-//W3C//DTD XHTML 1.0 Transitional//EN"
    "http://www.w3.org/TR/xhtml1/DTD/xhtml1-transitional.dtd">
<html xmlns="http://www.w3.org/1999/xhtml" xml:lang="en" lang="en">
 <head>
  <title>
</title>
<meta http-equiv="Content-Type" content="text/html;charset=utf-8" />
  <meta name='ocr-system' content='tesseract 3.04.00' />
  <meta name='ocr-capabilities' content='ocr_page ocr_carea ocr_par ocr_line ocrx_word'/>
</head>
<body>
  <div class='ocr_page' id='page_1' title='image "./theodoriepiscop00mopsgoog_0137.png"; bbox 0 0 3293 5233; ppageno 0'>
   <div class='ocr_carea' id='block_1_1' title="bbox 304 393 2717 477">
    <p class='ocr_par' dir='ltr' id='par_1_1' title="bbox 304 393 2717 477">
     <span class='ocr_line' id='line_1_1' title="bbox 304 393 2717 477; baseline 0.002 -21"><span class='ocrx_word' id='word_1_1' title='bbox 304 393 431 460; x_wconf 87' lang='grc' dir='ltr'><strong>ΙΙΙ.</strong></span> <span class='ocrx_word' id='word_1_2' title='bbox 470 394 676 477; x_wconf 66' lang='grc'>5-8]</span> <span class='ocrx_word' id='word_1_3' title='bbox 1121 406 1199 456; x_wconf 85' lang='lat' dir='ltr'>IN</span> <span class='ocrx_word' id='word_1_4' title='bbox 1250 407 1353 457; x_wconf 78' lang='grc' dir='ltr'>ΕΡ.</span> <span class='ocrx_word' id='word_1_5' title='bbox 1399 405 1502 456; x_wconf 81' lang='lat' dir='ltr'>An</span> <span class='ocrx_word' id='word_1_6' title='bbox 1547 407 1898 457; x_wconf 81' lang='lat' dir='ltr'>GALATAS.</span> <span class='ocrx_word' id='word_1_7' title='bbox 2635 412 2717 475; x_wconf 84' lang='lat'>39</span> 
     </span>
    </p>
   </div>
   <div class='ocr_carea' id='block_1_2' title="bbox 301 575 2716 952">
    <p class='ocr_par' dir='ltr' id='par_1_2' title="bbox 301 575 2716 952">
     <span class='ocr_line' id='line_1_2' title="bbox 431 575 2716 660; baseline -0.002 -17"><span class='ocrx_word' id='word_1_8' title='bbox 431 579 498 643; x_wconf 90' lang='lat' dir='ltr'>id</span> <span class='ocrx_word' id='word_1_9' title='bbox 558 580 787 643; x_wconf 89' lang='lat' dir='ltr'>dicens</span> <span class='ocrx_word' id='word_1_10' title='bbox 837 577 1130 642; x_wconf 88' lang='lat' dir='ltr'>ostendit</span> <span class='ocrx_word' id='word_1_11' title='bbox 1189 599 1262 641; x_wconf 86' lang='lat' dir='ltr'>se</span> <span class='ocrx_word' id='word_1_12' title='bbox 1321 578 1567 641; x_wconf 84' lang='lat' dir='ltr'>bonam</span> <span class='ocrx_word' id='word_1_13' title='bbox 1618 577 1704 641; x_wconf 93' lang='lat' dir='ltr'>de</span> <span class='ocrx_word' id='word_1_14' title='bbox 1758 575 1885 640; x_wconf 86' lang='lat' dir='ltr'>illis</span> <span class='ocrx_word' id='word_1_15' title='bbox 1933 575 2154 640; x_wconf 90' lang='lat' dir='ltr'>adhuc</span> <span class='ocrx_word' id='word_1_16' title='bbox 2200 597 2391 660; x_wconf 88' lang='lat' dir='ltr'>spem</span> <span class='ocrx_word' id='word_1_17' title='bbox 2451 575 2716 651; x_wconf 87' lang='lat' dir='ltr'>habere,</span> 
     </span>
     <span class='ocr_line' id='line_1_3' title="bbox 301 678 2715 767; baseline -0.001 -21"><span class='ocrx_word' id='word_1_18' title='bbox 301 693 668 767; x_wconf 87' lang='lat' dir='ltr'>expectans</span> <span class='ocrx_word' id='word_1_19' title='bbox 699 682 894 746; x_wconf 90' lang='lat' dir='ltr'>simul</span> <span class='ocrx_word' id='word_1_20' title='bbox 925 683 1083 764; x_wconf 91' lang='lat' dir='ltr'>quia</span> <span class='ocrx_word' id='word_1_21' title='bbox 1114 690 1182 745; x_wconf 91' lang='lat' dir='ltr'>et</span> <span class='ocrx_word' id='word_1_22' title='bbox 1222 702 1294 744; x_wconf 93' lang='lat' dir='ltr'>se</span> <span class='ocrx_word' id='word_1_23' title='bbox 1335 680 1744 744; x_wconf 90' lang='lat' dir='ltr'>cohibebunt</span> <span class='ocrx_word' id='word_1_24' title='bbox 1789 681 1876 744; x_wconf 90' lang='lat' dir='ltr'>ab</span> <span class='ocrx_word' id='word_1_25' title='bbox 1918 678 2147 743; x_wconf 87' lang='lat' dir='ltr'>illicita</span> <span class='ocrx_word' id='word_1_26' title='bbox 2190 680 2715 745; x_wconf 87' lang='lat' dir='ltr'>aduersariorum</span> 
     </span>
     <span class='ocr_line' id='line_1_4' title="bbox 302 783 2714 868; baseline -0.002 -17"><span class='ocrx_word' id='word_1_27' title='bbox 302 788 621 851; x_wconf 88' lang='lat' dir='ltr'>doctrina.</span> <span class='ocrx_word' id='word_1_28' title='bbox 709 794 778 849; x_wconf 90' lang='lat' dir='ltr'>et</span> <span class='ocrx_word' id='word_1_29' title='bbox 830 794 984 868; x_wconf 92' lang='lat' dir='ltr'>post</span> <span class='ocrx_word' id='word_1_30' title='bbox 1034 784 1555 848; x_wconf 86' lang='lat' dir='ltr'>interiectionem</span> <span class='ocrx_word' id='word_1_31' title='bbox 1603 785 1977 861; x_wconf 88' lang='lat' dir='ltr'>uerborum,</span> <span class='ocrx_word' id='word_1_32' title='bbox 2034 783 2273 847; x_wconf 87' lang='lat' dir='ltr'>iterum</span> <span class='ocrx_word' id='word_1_33' title='bbox 2319 783 2714 848; x_wconf 88' lang='lat' dir='ltr'>anteriorem</span> 
     </span>
     <span class='ocr_line' id='line_1_5' title="bbox 304 887 1061 952; baseline 0.001 -2"><span class='ocrx_word' id='word_1_34' title='bbox 304 887 717 952; x_wconf 89' lang='lat' dir='ltr'>intellectum</span> <span class='ocrx_word' id='word_1_35' title='bbox 750 887 1061 951; x_wconf 86' lang='lat' dir='ltr'>resumit:</span> 
     </span>
    </p>
   </div>
   <div class='ocr_carea' id='block_1_3' title="bbox 303 1061 2822 1250">
    <p class='ocr_par' dir='ltr' id='par_1_3' title="bbox 303 1061 2822 1250">
     <span class='ocr_line' id='line_1_6' title="bbox 423 1061 2822 1147; baseline -0.001 -19"><span class='ocrx_word' id='word_1_36' title='bbox 423 1063 546 1147; x_wconf 81' lang='lat' dir='ltr'>qui</span> <span class='ocrx_word' id='word_1_37' title='bbox 579 1085 729 1146; x_wconf 81' lang='lat' dir='ltr'>ergo</span> <span class='ocrx_word' id='word_1_38' title='bbox 774 1062 1117 1127; x_wconf 85' lang='lat' dir='ltr'><em>ministrat</em></span> <span class='ocrx_word' id='word_1_39' title='bbox 1180 1063 1360 1127; x_wconf 85' lang='lat' dir='ltr'>uobis</span> <span class='ocrx_word' id='word_1_40' title='bbox 1406 1062 1755 1145; x_wconf 81' lang='lat' dir='ltr'>Spiritum,</span> <span class='ocrx_word' id='word_1_41' title='bbox 1799 1073 1861 1127; x_wconf 87' lang='lat' dir='ltr'>et</span> <span class='ocrx_word' id='word_1_42' title='bbox 1912 1063 2285 1144; x_wconf 84' lang='lat' dir='ltr'><em>inoperatur</em></span> <span class='ocrx_word' id='word_1_43' title='bbox 2326 1061 2603 1125; x_wconf 85' lang='lat' dir='ltr'>uirtutes</span> <span class='ocrx_word' id='word_1_44' title='bbox 2646 1063 2716 1126; x_wconf 84' lang='lat' dir='ltr'>in</span> <span class='ocrx_word' id='word_1_45' title='bbox 2793 1074 2822 1140; x_wconf 85' lang='lat'><strong>5</strong></span> 
     </span>
     <span class='ocr_line' id='line_1_7' title="bbox 303 1165 2603 1250; baseline -0.001 -20"><span class='ocrx_word' id='word_1_46' title='bbox 303 1167 498 1242; x_wconf 82' lang='lat' dir='ltr'>uobis,</span> <span class='ocrx_word' id='word_1_47' title='bbox 530 1187 608 1230; x_wconf 79' lang='lat' dir='ltr'>ex</span> <span class='ocrx_word' id='word_1_48' title='bbox 633 1167 920 1249; x_wconf 84' lang='lat' dir='ltr'>operibus</span> <span class='ocrx_word' id='word_1_49' title='bbox 948 1167 1107 1250; x_wconf 72' lang='lat' dir='ltr'>legis</span> <span class='ocrx_word' id='word_1_50' title='bbox 1135 1177 1254 1229; x_wconf 84' lang='lat' dir='ltr'>aut</span> <span class='ocrx_word' id='word_1_51' title='bbox 1280 1187 1358 1230; x_wconf 79' lang='lat' dir='ltr'>ex</span> <span class='ocrx_word' id='word_1_52' title='bbox 1381 1166 1616 1229; x_wconf 81' lang='lat' dir='ltr'>auditu</span> <span class='ocrx_word' id='word_1_53' title='bbox 1627 1166 1803 1250; x_wconf 87' lang='lat' dir='ltr'>fidei</span> <span class='ocrx_word' id='word_1_54' title='bbox 1822 1165 1859 1229; x_wconf 80' lang='lat'><em>?</em></span> <span class='ocrx_word' id='word_1_55' title='bbox 2599 1167 2603 1170; x_wconf 72' lang='grc'>’</span> 
     </span>
    </p>
   </div>
   <div class='ocr_carea' id='block_1_4' title="bbox 306 1300 2714 1486">
    <p class='ocr_par' dir='ltr' id='par_1_4' title="bbox 306 1300 2714 1486">
     <span class='ocr_line' id='line_1_8' title="bbox 436 1300 2714 1384; baseline 0 -18"><span class='ocrx_word' id='word_1_56' title='bbox 436 1311 505 1366; x_wconf 91' lang='lat' dir='ltr'>et</span> <span class='ocrx_word' id='word_1_57' title='bbox 552 1310 853 1366; x_wconf 89' lang='lat' dir='ltr'>statuens</span> <span class='ocrx_word' id='word_1_58' title='bbox 895 1301 1097 1366; x_wconf 91' lang='lat' dir='ltr'>fidem</span> <span class='ocrx_word' id='word_1_59' title='bbox 1144 1302 1231 1366; x_wconf 92' lang='lat' dir='ltr'>de</span> <span class='ocrx_word' id='word_1_60' title='bbox 1274 1302 1561 1384; x_wconf 86' lang='lat' dir='ltr'>Spiritus</span> <span class='ocrx_word' id='word_1_61' title='bbox 1601 1303 1814 1366; x_wconf 91' lang='lat' dir='ltr'>sancti</span> <span class='ocrx_word' id='word_1_62' title='bbox 1865 1302 2096 1365; x_wconf 89' lang='lat' dir='ltr'>datam</span> <span class='ocrx_word' id='word_1_63' title='bbox 2140 1301 2343 1365; x_wconf 90' lang='lat' dir='ltr'>fuisse</span> <span class='ocrx_word' id='word_1_64' title='bbox 2385 1300 2714 1384; x_wconf 86' lang='lat' dir='ltr'>largitate,</span> 
     </span>
     <span class='ocr_line' id='line_1_9' title="bbox 306 1403 2503 1486; baseline -0.001 -17"><span class='ocrx_word' id='word_1_65' title='bbox 306 1403 600 1469; x_wconf 87' lang='lat' dir='ltr'><strong>ostendit</strong></span> <span class='ocrx_word' id='word_1_66' title='bbox 631 1405 772 1466; x_wconf 89' lang='lat' dir='ltr'>eius</span> <span class='ocrx_word' id='word_1_67' title='bbox 803 1403 1217 1486; x_wconf 86' lang='lat' dir='ltr'>dignitatem,</span> <span class='ocrx_word' id='word_1_68' title='bbox 1249 1403 1446 1467; x_wconf 89' lang='lat' dir='ltr'>simul</span> <span class='ocrx_word' id='word_1_69' title='bbox 1478 1414 1545 1467; x_wconf 89' lang='lat' dir='ltr'>et</span> <span class='ocrx_word' id='word_1_70' title='bbox 1579 1423 1901 1486; x_wconf 84' lang='lat' dir='ltr'>personae</span> <span class='ocrx_word' id='word_1_71' title='bbox 1933 1404 2460 1486; x_wconf 84' lang='lat' dir='ltr'>magnitudinem</span> <span class='ocrx_word' id='word_1_72' title='bbox 2487 1422 2503 1466; x_wconf 72' lang='grc' dir='ltr'>ε</span> 
     </span>
    </p>
   </div>
   <div class='ocr_carea' id='block_1_5' title="bbox 304 1561 2832 2394">
    <p class='ocr_par' dir='ltr' id='par_1_5' title="bbox 304 1561 2832 1732">
     <span class='ocr_line' id='line_1_10' title="bbox 438 1561 2727 1645; baseline -0.001 -18"><span class='ocrx_word' id='word_1_73' title='bbox 438 1561 609 1627; x_wconf 84' lang='lat' dir='ltr'>sicut</span> <span class='ocrx_word' id='word_1_74' title='bbox 635 1561 712 1625; x_wconf 84' lang='lat' dir='ltr'>‘A</span> <span class='ocrx_word' id='word_1_75' title='bbox 727 1562 1001 1627; x_wconf 81' lang='lat' dir='ltr'>bralcam</span> <span class='ocrx_word' id='word_1_76' title='bbox 1052 1561 1315 1645; x_wconf 85' lang='lat' dir='ltr'>(inquit)</span> <span class='ocrx_word' id='word_1_77' title='bbox 1352 1562 1629 1626; x_wconf 82' lang='lat' dir='ltr'>credidit</span> <span class='ocrx_word' id='word_1_78' title='bbox 1666 1562 1823 1640; x_wconf 75' lang='lat' dir='ltr'>Dee,</span> <span class='ocrx_word' id='word_1_79' title='bbox 1859 1572 1921 1625; x_wconf 90' lang='lat' dir='ltr'>et</span> <span class='ocrx_word' id='word_1_80' title='bbox 1963 1572 2326 1645; x_wconf 66' lang='lat' dir='ltr'>reputatum</span> <span class='ocrx_word' id='word_1_81' title='bbox 2367 1571 2462 1625; x_wconf 87' lang='lat' dir='ltr'>est</span> <span class='ocrx_word' id='word_1_82' title='bbox 2500 1561 2608 1626; x_wconf 82' lang='lat' dir='ltr'>illi</span> <span class='ocrx_word' id='word_1_83' title='bbox 2632 1561 2727 1625; x_wconf 85' lang='lat' dir='ltr'>ad</span> 
     </span>
     <span class='ocr_line' id='line_1_11' title="bbox 304 1665 2832 1732; baseline -0 -1"><span class='ocrx_word' id='word_1_84' title='bbox 304 1665 671 1732; x_wconf 65' lang='lat' dir='ltr'>iustitiam!</span> <span class='ocrx_word' id='word_1_85' title='bbox 2758 1677 2775 1721; x_wconf 91' lang='lat'>1</span> <span class='ocrx_word' id='word_1_86' title='bbox 2789 1677 2832 1723; x_wconf 93' lang='lat' dir='ltr'>O</span> 
     </span>
    </p>

    <p class='ocr_par' dir='ltr' id='par_1_6' title="bbox 307 1792 2827 2394">
     <span class='ocr_line' id='line_1_12' title="bbox 442 1792 2719 1878; baseline -0 -20"><span class='ocrx_word' id='word_1_87' title='bbox 442 1795 778 1858; x_wconf 87' lang='lat' dir='ltr'>‘omnium</span> <span class='ocrx_word' id='word_1_88' title='bbox 825 1794 1091 1878; x_wconf 86' lang='lat' dir='ltr'>(inquit)</span> <span class='ocrx_word' id='word_1_89' title='bbox 1138 1793 1280 1857; x_wconf 83' lang='lat' dir='ltr'><strong>dixi</strong></span> <span class='ocrx_word' id='word_1_90' title='bbox 1324 1792 1674 1857; x_wconf 86' lang='lat' dir='ltr'>Abraham</span> <span class='ocrx_word' id='word_1_91' title='bbox 1721 1794 1902 1876; x_wconf 83' lang='lat' dir='ltr'>apud</span> <span class='ocrx_word' id='word_1_92' title='bbox 1950 1816 2070 1856; x_wconf 91' lang='lat' dir='ltr'>uos</span> <span class='ocrx_word' id='word_1_93' title='bbox 2120 1792 2619 1877; x_wconf 85' lang='lat' dir='ltr'>eligantiorem;</span> <span class='ocrx_word' id='word_1_94' title='bbox 2679 1815 2719 1857; x_wconf 90' lang='lat' dir='ltr'>a</span> 
     </span>
     <span class='ocr_line' id='line_1_13' title="bbox 310 1896 2721 1981; baseline -0.001 -19"><span class='ocrx_word' id='word_1_95' title='bbox 310 1919 444 1981; x_wconf 89' lang='lat' dir='ltr'>quo</span> <span class='ocrx_word' id='word_1_96' title='bbox 504 1907 572 1962; x_wconf 93' lang='lat' dir='ltr'>et</span> <span class='ocrx_word' id='word_1_97' title='bbox 632 1919 831 1961; x_wconf 89' lang='lat' dir='ltr'>omne</span> <span class='ocrx_word' id='word_1_98' title='bbox 891 1907 1186 1961; x_wconf 88' lang='lat' dir='ltr'>uestrum</span> <span class='ocrx_word' id='word_1_99' title='bbox 1247 1896 1531 1960; x_wconf 85' lang='lat' dir='ltr'>habetur</span> <span class='ocrx_word' id='word_1_100' title='bbox 1589 1897 2004 1979; x_wconf 88' lang='lat' dir='ltr'>principium.</span> <span class='ocrx_word' id='word_1_101' title='bbox 2071 1896 2228 1959; x_wconf 85' lang='lat' dir='ltr'>·hic</span> <span class='ocrx_word' id='word_1_102' title='bbox 2278 1897 2492 1980; x_wconf 85' lang='lat' dir='ltr'>igitur,</span> <span class='ocrx_word' id='word_1_103' title='bbox 2551 1897 2721 1960; x_wconf 92' lang='lat' dir='ltr'>sicut</span> 
     </span>
     <span class='ocr_line' id='line_1_14' title="bbox 309 1999 2718 2083; baseline -0.001 -18"><span class='ocrx_word' id='word_1_104' title='bbox 309 2003 536 2065; x_wconf 90' lang='lat' dir='ltr'>diuina</span> <span class='ocrx_word' id='word_1_105' title='bbox 577 2002 900 2083; x_wconf 86' lang='lat' dir='ltr'>scriptura</span> <span class='ocrx_word' id='word_1_106' title='bbox 946 2001 1032 2063; x_wconf 92' lang='lat' dir='ltr'>de</span> <span class='ocrx_word' id='word_1_107' title='bbox 1080 2021 1160 2063; x_wconf 92' lang='lat' dir='ltr'>eo</span> <span class='ocrx_word' id='word_1_108' title='bbox 1208 1999 1384 2074; x_wconf 88' lang='lat' dir='ltr'>dicit,</span> <span class='ocrx_word' id='word_1_109' title='bbox 1420 2020 1539 2082; x_wconf 87' lang='lat' dir='ltr'>per</span> <span class='ocrx_word' id='word_1_110' title='bbox 1579 1999 1782 2063; x_wconf 88' lang='lat' dir='ltr'>fidem</span> <span class='ocrx_word' id='word_1_111' title='bbox 1827 2000 2144 2064; x_wconf 89' lang='lat' dir='ltr'>iustitiam</span> <span class='ocrx_word' id='word_1_112' title='bbox 2186 2002 2539 2064; x_wconf 90' lang='lat' dir='ltr'>adsecutus</span> <span class='ocrx_word' id='word_1_113' title='bbox 2580 2000 2718 2064; x_wconf 86' lang='lat' dir='ltr'>est.&#39;</span> 
     </span>
     <span class='ocr_line' id='line_1_15' title="bbox 307 2102 2720 2188; baseline 0 -18"><span class='ocrx_word' id='word_1_114' title='bbox 307 2115 392 2181; x_wconf 89' lang='lat' dir='ltr'>et,</span> <span class='ocrx_word' id='word_1_115' title='bbox 442 2106 759 2187; x_wconf 89' lang='lat' dir='ltr'>quoniam</span> <span class='ocrx_word' id='word_1_116' title='bbox 810 2104 1039 2167; x_wconf 90' lang='lat' dir='ltr'>Iudaei</span> <span class='ocrx_word' id='word_1_117' title='bbox 1090 2113 1367 2167; x_wconf 87' lang='lat' dir='ltr'>naturae</span> <span class='ocrx_word' id='word_1_118' title='bbox 1415 2102 1833 2169; x_wconf 88' lang='lat' dir='ltr'>adfinitatem</span> <span class='ocrx_word' id='word_1_119' title='bbox 1882 2113 2328 2187; x_wconf 85' lang='lat' dir='ltr'>proponentes</span> <span class='ocrx_word' id='word_1_120' title='bbox 2390 2105 2538 2188; x_wconf 90' lang='lat' dir='ltr'>plus</span> <span class='ocrx_word' id='word_1_121' title='bbox 2597 2106 2720 2170; x_wconf 93' lang='lat' dir='ltr'>sibi</span> 
     </span>
     <span class='ocr_line' id='line_1_16' title="bbox 309 2207 2827 2291; baseline -0.002 -19"><span class='ocrx_word' id='word_1_122' title='bbox 309 2208 560 2291; x_wconf 85' lang='lat' dir='ltr'>aliquid</span> <span class='ocrx_word' id='word_1_123' title='bbox 604 2209 941 2271; x_wconf 87' lang='lat' dir='ltr'>uindicare</span> <span class='ocrx_word' id='word_1_124' title='bbox 981 2208 1396 2285; x_wconf 87' lang='lat' dir='ltr'>uidebantur,</span> <span class='ocrx_word' id='word_1_125' title='bbox 1432 2209 1614 2291; x_wconf 89' lang='lat' dir='ltr'>quod</span> <span class='ocrx_word' id='word_1_126' title='bbox 1663 2208 1846 2272; x_wconf 86' lang='lat' dir='ltr'>nullo</span> <span class='ocrx_word' id='word_1_127' title='bbox 1878 2208 2082 2272; x_wconf 92' lang='lat' dir='ltr'>modo</span> <span class='ocrx_word' id='word_1_128' title='bbox 2128 2207 2256 2271; x_wconf 90' lang='lat' dir='ltr'>illis</span> <span class='ocrx_word' id='word_1_129' title='bbox 2287 2208 2400 2291; x_wconf 91' lang='lat' dir='ltr'>qui</span> <span class='ocrx_word' id='word_1_130' title='bbox 2432 2229 2520 2271; x_wconf 84' lang='lat' dir='ltr'>ex</span> <span class='ocrx_word' id='word_1_131' title='bbox 2561 2229 2722 2291; x_wconf 87' lang='lat' dir='ltr'>gen·</span> <span class='ocrx_word' id='word_1_132' title='bbox 2758 2219 2827 2285; x_wconf 87' lang='lat'>15</span> 
     </span>
     <span class='ocr_line' id='line_1_17' title="bbox 311 2313 1454 2394; baseline 0 -17"><span class='ocrx_word' id='word_1_133' title='bbox 311 2316 488 2378; x_wconf 85' lang='lat' dir='ltr'>tibus</span> <span class='ocrx_word' id='word_1_134' title='bbox 519 2321 708 2376; x_wconf 87' lang='lat' dir='ltr'>erant</span> <span class='ocrx_word' id='word_1_135' title='bbox 741 2313 976 2376; x_wconf 86' lang='lat' dir='ltr'>adesse</span> <span class='ocrx_word' id='word_1_136' title='bbox 1006 2319 1289 2394; x_wconf 89' lang='lat' dir='ltr'>poterat,</span> <span class='ocrx_word' id='word_1_137' title='bbox 1322 2313 1454 2377; x_wconf 85' lang='lat' dir='ltr'>ait:</span> 
     </span>
    </p>
   </div>
   <div class='ocr_carea' id='block_1_6' title="bbox 438 2470 2679 2557">
    <p class='ocr_par' dir='ltr' id='par_1_7' title="bbox 438 2470 2679 2557">
     <span class='ocr_line' id='line_1_18' title="bbox 438 2470 2679 2557; baseline -0 -20"><span class='ocrx_word' id='word_1_138' title='bbox 438 2474 655 2538; x_wconf 83' lang='lat' dir='ltr'>scitote</span> <span class='ocrx_word' id='word_1_139' title='bbox 679 2493 828 2554; x_wconf 81' lang='lat' dir='ltr'>ergo</span> <span class='ocrx_word' id='word_1_140' title='bbox 858 2472 1162 2556; x_wconf 80' lang='lat' dir='ltr'>quoniam</span> <span class='ocrx_word' id='word_1_141' title='bbox 1199 2470 1368 2557; x_wconf 82' lang='lat' dir='ltr'>[qui]</span> <span class='ocrx_word' id='word_1_142' title='bbox 1399 2493 1479 2536; x_wconf 77' lang='lat' dir='ltr'>ex</span> <span class='ocrx_word' id='word_1_143' title='bbox 1484 2471 1631 2555; x_wconf 84' lang='lat' dir='ltr'>fide</span> <span class='ocrx_word' id='word_1_144' title='bbox 1655 2482 1825 2548; x_wconf 84' lang='lat' dir='ltr'>sunt,</span> <span class='ocrx_word' id='word_1_145' title='bbox 1863 2471 1963 2554; x_wconf 76' lang='lat' dir='ltr'>[lei</span> <span class='ocrx_word' id='word_1_146' title='bbox 1984 2471 2300 2555; x_wconf 82' lang='lat' dir='ltr'>suntfllz&#39;i</span> <span class='ocrx_word' id='word_1_147' title='bbox 2324 2471 2679 2557; x_wconf 69' lang='lat' dir='ltr'>Abrahae}</span> 
     </span>
    </p>
   </div>
   <div class='ocr_carea' id='block_1_7' title="bbox 312 2606 2838 3103">
    <p class='ocr_par' dir='ltr' id='par_1_8' title="bbox 312 2606 2838 3103">
     <span class='ocr_line' id='line_1_19' title="bbox 442 2606 2724 2693; baseline -0.001 -18"><span class='ocrx_word' id='word_1_148' title='bbox 442 2610 669 2693; x_wconf 90' lang='lat' dir='ltr'>itaque</span> <span class='ocrx_word' id='word_1_149' title='bbox 728 2630 864 2673; x_wconf 90' lang='lat' dir='ltr'>non</span> <span class='ocrx_word' id='word_1_150' title='bbox 925 2608 1254 2692; x_wconf 86' lang='lat' dir='ltr'>delinquit</span> <span class='ocrx_word' id='word_1_151' title='bbox 1332 2608 1738 2692; x_wconf 81' lang='lat' dir='ltr'>quicumque</span> <span class='ocrx_word' id='word_1_152' title='bbox 1812 2606 1934 2671; x_wconf 89' lang='lat' dir='ltr'>hos</span> <span class='ocrx_word' id='word_1_153' title='bbox 2011 2607 2259 2672; x_wconf 84' lang='lat' dir='ltr'>dixerit</span> <span class='ocrx_word' id='word_1_154' title='bbox 2334 2629 2479 2672; x_wconf 90' lang='lat' dir='ltr'>esse</span> <span class='ocrx_word' id='word_1_155' title='bbox 2552 2608 2724 2674; x_wconf 88' lang='lat' dir='ltr'>filios</span> 
     </span>
     <span class='ocr_line' id='line_1_20' title="bbox 313 2712 2722 2790; baseline -0 -13"><span class='ocrx_word' id='word_1_156' title='bbox 313 2713 636 2778; x_wconf 84' lang='lat' dir='ltr'>Abrahae</span> <span class='ocrx_word' id='word_1_157' title='bbox 682 2721 749 2777; x_wconf 92' lang='lat' dir='ltr'>et</span> <span class='ocrx_word' id='word_1_158' title='bbox 796 2714 1092 2777; x_wconf 82' lang='lat' dir='ltr'>maxime</span> <span class='ocrx_word' id='word_1_159' title='bbox 1138 2713 1276 2776; x_wconf 90' lang='lat' dir='ltr'>eius</span> <span class='ocrx_word' id='word_1_160' title='bbox 1339 2712 1697 2776; x_wconf 84' lang='lat' dir='ltr'>familiares</span> <span class='ocrx_word' id='word_1_161' title='bbox 1747 2712 2113 2775; x_wconf 88' lang='lat' dir='ltr'>secundum</span> <span class='ocrx_word' id='word_1_162' title='bbox 2168 2712 2722 2790; x_wconf 87' lang='lat' dir='ltr'>iustificationem,</span> 
     </span>
     <span class='ocr_line' id='line_1_21' title="bbox 312 2815 2838 2901; baseline 0.001 -20"><span class='ocrx_word' id='word_1_163' title='bbox 312 2819 426 2901; x_wconf 91' lang='lat' dir='ltr'>qui</span> <span class='ocrx_word' id='word_1_164' title='bbox 472 2839 591 2901; x_wconf 90' lang='lat' dir='ltr'>per</span> <span class='ocrx_word' id='word_1_165' title='bbox 638 2816 843 2880; x_wconf 88' lang='lat' dir='ltr'>fidem</span> <span class='ocrx_word' id='word_1_166' title='bbox 895 2826 1260 2899; x_wconf 83' lang='lat' dir='ltr'>expectant</span> <span class='ocrx_word' id='word_1_167' title='bbox 1316 2818 1593 2898; x_wconf 88' lang='lat' dir='ltr'>adsequi</span> <span class='ocrx_word' id='word_1_168' title='bbox 1652 2815 2207 2891; x_wconf 87' lang='lat' dir='ltr'>iustificationem‚</span> <span class='ocrx_word' id='word_1_169' title='bbox 2256 2816 2425 2879; x_wconf 90' lang='lat' dir='ltr'>sicut</span> <span class='ocrx_word' id='word_1_170' title='bbox 2487 2825 2554 2880; x_wconf 92' lang='lat' dir='ltr'>et</span> <span class='ocrx_word' id='word_1_171' title='bbox 2614 2817 2725 2880; x_wconf 91' lang='lat' dir='ltr'>ille</span> <span class='ocrx_word' id='word_1_172' title='bbox 2755 2838 2838 2883; x_wconf 86' lang='lat'>20</span> 
     </span>
     <span class='ocr_line' id='line_1_22' title="bbox 315 2917 2723 3000; baseline -0.001 -17"><span class='ocrx_word' id='word_1_173' title='bbox 315 2931 413 2984; x_wconf 90' lang='lat' dir='ltr'>est</span> <span class='ocrx_word' id='word_1_174' title='bbox 471 2919 845 2984; x_wconf 82' lang='lat' dir='ltr'>adsecutus,</span> <span class='ocrx_word' id='word_1_175' title='bbox 937 2928 1025 2996; x_wconf 91' lang='lat' dir='ltr'>et,</span> <span class='ocrx_word' id='word_1_176' title='bbox 1083 2928 1156 2981; x_wconf 89' lang='lat' dir='ltr'>ut</span> <span class='ocrx_word' id='word_1_177' title='bbox 1217 2940 1300 2982; x_wconf 91' lang='lat' dir='ltr'>ne</span> <span class='ocrx_word' id='word_1_178' title='bbox 1369 2919 1708 2982; x_wconf 87' lang='lat' dir='ltr'>uideretur</span> <span class='ocrx_word' id='word_1_179' title='bbox 1766 2919 1906 3000; x_wconf 89' lang='lat' dir='ltr'>ipse</span> <span class='ocrx_word' id='word_1_180' title='bbox 1969 2917 2291 2980; x_wconf 87' lang='lat' dir='ltr'>uiolenter</span> <span class='ocrx_word' id='word_1_181' title='bbox 2349 2917 2723 2996; x_wconf 80' lang='lat' dir='ltr'>adsecutuS,</span> 
     </span>
     <span class='ocr_line' id='line_1_23' title="bbox 316 3021 1514 3103; baseline 0.001 -19"><span class='ocrx_word' id='word_1_182' title='bbox 316 3021 477 3085; x_wconf 86' lang='lat' dir='ltr'>illud</span> <span class='ocrx_word' id='word_1_183' title='bbox 509 3021 896 3086; x_wconf 89' lang='lat' dir='ltr'>confirmare</span> <span class='ocrx_word' id='word_1_184' title='bbox 927 3030 1208 3103; x_wconf 90' lang='lat' dir='ltr'>poterat,</span> <span class='ocrx_word' id='word_1_185' title='bbox 1242 3021 1467 3084; x_wconf 91' lang='lat' dir='ltr'>dicens</span> <span class='ocrx_word' id='word_1_186' title='bbox 1498 3042 1514 3085; x_wconf 80' lang='lat'>2</span> 
     </span>
    </p>
   </div>
   <div class='ocr_carea' id='block_1_8' title="bbox 311 3177 2832 3468">
    <p class='ocr_par' dir='ltr' id='par_1_9' title="bbox 311 3177 2832 3468">
     <span class='ocr_line' id='line_1_24' title="bbox 426 3177 2729 3261; baseline 0 -19"><span class='ocrx_word' id='word_1_187' title='bbox 426 3180 819 3261; x_wconf 59' lang='lat' dir='ltr'>praevidens</span> <span class='ocrx_word' id='word_1_188' title='bbox 861 3200 948 3241; x_wconf 85' lang='lat' dir='ltr'>an</span> <span class='ocrx_word' id='word_1_189' title='bbox 956 3190 1078 3241; x_wconf 83' lang='lat' dir='ltr'>tem</span> <span class='ocrx_word' id='word_1_190' title='bbox 1135 3179 1474 3260; x_wconf 63' lang='lat' dir='ltr'>scrzjfitura,</span> <span class='ocrx_word' id='word_1_191' title='bbox 1525 3178 1829 3260; x_wconf 80' lang='lat' dir='ltr'>qnoniam</span> <span class='ocrx_word' id='word_1_192' title='bbox 1882 3200 1959 3240; x_wconf 77' lang='lat' dir='ltr'>ex</span> <span class='ocrx_word' id='word_1_193' title='bbox 1989 3178 2135 3261; x_wconf 85' lang='lat' dir='ltr'>fide</span> <span class='ocrx_word' id='word_1_194' title='bbox 2186 3177 2501 3261; x_wconf 67' lang='lat' dir='ltr'>z&#39;zcstfficat</span> <span class='ocrx_word' id='word_1_195' title='bbox 2550 3179 2729 3242; x_wconf 78' lang='lat' dir='ltr'>Dens</span> 
     </span>
     <span class='ocr_line' id='line_1_25' title="bbox 311 3281 2733 3367; baseline 0 -21"><span class='ocrx_word' id='word_1_196' title='bbox 311 3294 538 3367; x_wconf 75' lang='lat' dir='ltr'>gentes,</span> <span class='ocrx_word' id='word_1_197' title='bbox 577 3293 732 3345; x_wconf 87' lang='lat' dir='ltr'>ante</span> <span class='ocrx_word' id='word_1_198' title='bbox 785 3283 1267 3366; x_wconf 69' lang='lat' dir='ltr'>euangelizauit</span> <span class='ocrx_word' id='word_1_199' title='bbox 1304 3284 1365 3346; x_wconf 79' lang='lat' dir='ltr'><em>A</em></span> <span class='ocrx_word' id='word_1_200' title='bbox 1378 3283 1628 3358; x_wconf 71' lang='lat' dir='ltr'>brahae,</span> <span class='ocrx_word' id='word_1_201' title='bbox 1676 3283 1981 3364; x_wconf 78' lang='lat' dir='ltr'>quoniam</span> <span class='ocrx_word' id='word_1_202' title='bbox 2026 3285 2041 3313; x_wconf 88' lang='lat'>‘</span> <span class='ocrx_word' id='word_1_203' title='bbox 2069 3281 2506 3345; x_wconf 76' lang='lat' dir='ltr'>benedicentur</span> <span class='ocrx_word' id='word_1_204' title='bbox 2555 3283 2627 3345; x_wconf 85' lang='lat' dir='ltr'>in</span> <span class='ocrx_word' id='word_1_205' title='bbox 2674 3295 2733 3346; x_wconf 80' lang='lat' dir='ltr'>te</span> 
     </span>
     <span class='ocr_line' id='line_1_26' title="bbox 312 3383 2832 3468; baseline -0.002 -18"><span class='ocrx_word' id='word_1_206' title='bbox 312 3407 527 3451; x_wconf 83' lang='lat' dir='ltr'>omnes</span> <span class='ocrx_word' id='word_1_207' title='bbox 545 3383 800 3468; x_wconf 58' lang='lat' dir='ltr'>gentes]</span> <span class='ocrx_word' id='word_1_208' title='bbox 2758 3399 2832 3462; x_wconf 86' lang='lat'>25</span> 
     </span>
    </p>
   </div>
   <div class='ocr_carea' id='block_1_9' title="bbox 312 3512 2729 3803">
    <p class='ocr_par' dir='ltr' id='par_1_10' title="bbox 312 3512 2729 3803">
     <span class='ocr_line' id='line_1_27' title="bbox 443 3512 2726 3597; baseline 0 -20"><span class='ocrx_word' id='word_1_209' title='bbox 443 3515 700 3578; x_wconf 87' lang='lat' dir='ltr'>dictum</span> <span class='ocrx_word' id='word_1_210' title='bbox 760 3523 861 3576; x_wconf 89' lang='lat' dir='ltr'>est</span> <span class='ocrx_word' id='word_1_211' title='bbox 924 3515 988 3575; x_wconf 91' lang='lat' dir='ltr'>in</span> <span class='ocrx_word' id='word_1_212' title='bbox 1046 3513 1275 3577; x_wconf 86' lang='lat' dir='ltr'>diuina</span> <span class='ocrx_word' id='word_1_213' title='bbox 1334 3516 1657 3596; x_wconf 89' lang='lat' dir='ltr'>scriptura</span> <span class='ocrx_word' id='word_1_214' title='bbox 1717 3512 2037 3577; x_wconf 87' lang='lat' dir='ltr'>Abrahae</span> <span class='ocrx_word' id='word_1_215' title='bbox 2099 3535 2139 3577; x_wconf 91' lang='lat' dir='ltr'>a</span> <span class='ocrx_word' id='word_1_216' title='bbox 2200 3514 2351 3577; x_wconf 93' lang='lat' dir='ltr'>Deo</span> <span class='ocrx_word' id='word_1_217' title='bbox 2404 3516 2726 3597; x_wconf 89' lang='lat' dir='ltr'>quoniam</span> 
     </span>
     <span class='ocr_line' id='line_1_28' title="bbox 315 3616 2728 3699; baseline 0 -18"><span class='ocrx_word' id='word_1_218' title='bbox 315 3618 663 3681; x_wconf 85' lang='lat' dir='ltr'>uniuersae</span> <span class='ocrx_word' id='word_1_219' title='bbox 732 3626 968 3699; x_wconf 85' lang='lat' dir='ltr'>gentes</span> <span class='ocrx_word' id='word_1_220' title='bbox 1047 3616 1137 3679; x_wconf 92' lang='lat' dir='ltr'>illi</span> <span class='ocrx_word' id='word_1_221' title='bbox 1200 3617 1788 3680; x_wconf 88' lang='lat' dir='ltr'>communicabunt</span> <span class='ocrx_word' id='word_1_222' title='bbox 1849 3616 1915 3679; x_wconf 91' lang='lat' dir='ltr'>in</span> <span class='ocrx_word' id='word_1_223' title='bbox 1995 3617 2479 3681; x_wconf 89' lang='lat' dir='ltr'>benedictione.</span> <span class='ocrx_word' id='word_1_224' title='bbox 2574 3639 2728 3681; x_wconf 87' lang='lat' dir='ltr'>nam</span> 
     </span>
     <span class='ocr_line' id='line_1_29' title="bbox 312 3718 2729 3803; baseline -0 -20"><span class='ocrx_word' id='word_1_225' title='bbox 312 3720 494 3803; x_wconf 91' lang='lat' dir='ltr'>quod</span> <span class='ocrx_word' id='word_1_226' title='bbox 543 3720 758 3783; x_wconf 86' lang='lat' dir='ltr'>dixit:</span> <span class='ocrx_word' id='word_1_227' title='bbox 802 3718 1242 3782; x_wconf 79' lang='lat' dir='ltr'>benedicentur</span> <span class='ocrx_word' id='word_1_228' title='bbox 1286 3720 1355 3782; x_wconf 85' lang='lat' dir='ltr'>z&#39;n</span> <span class='ocrx_word' id='word_1_229' title='bbox 1405 3729 1509 3793; x_wconf 81' lang='lat' dir='ltr'>te,·</span> <span class='ocrx_word' id='word_1_230' title='bbox 1562 3718 1691 3783; x_wconf 89' lang='lat' dir='ltr'>hoc</span> <span class='ocrx_word' id='word_1_231' title='bbox 1741 3727 1861 3795; x_wconf 88' lang='lat' dir='ltr'>est,</span> <span class='ocrx_word' id='word_1_232' title='bbox 1914 3725 2172 3784; x_wconf 89' lang='lat' dir='ltr'>‘tecum</span> <span class='ocrx_word' id='word_1_233' title='bbox 2228 3720 2729 3794; x_wconf 86' lang='lat' dir='ltr'>benedicentur,</span> 
     </span>
    </p>
   </div>
   <div class='ocr_carea' id='block_1_10' title="bbox 223 3869 2748 4486">
    <p class='ocr_par' dir='ltr' id='par_1_11' title="bbox 223 3869 2748 4486">
     <span class='ocr_line' id='line_1_30' title="bbox 414 3869 2732 3953; baseline 0 -15"><span class='ocrx_word' id='word_1_234' title='bbox 414 3904 440 3938; x_wconf 86' lang='lat'><em>2</em></span> <span class='ocrx_word' id='word_1_235' title='bbox 478 3869 677 3952; x_wconf 78' lang='lat' dir='ltr'>simulq.</span> <span class='ocrx_word' id='word_1_236' title='bbox 718 3889 809 3937; x_wconf 82' lang='lat' dir='ltr'>etsi</span> <span class='ocrx_word' id='word_1_237' title='bbox 846 3905 887 3939; x_wconf 90' lang='lat' dir='ltr'>c.</span> <span class='ocrx_word' id='word_1_238' title='bbox 931 3905 984 3938; x_wconf 88' lang='lat' dir='ltr'>se</span> <span class='ocrx_word' id='word_1_239' title='bbox 1020 3889 1085 3937; x_wconf 87' lang='lat' dir='ltr'>ab</span> <span class='ocrx_word' id='word_1_240' title='bbox 1125 3891 1215 3938; x_wconf 71' lang='grc' dir='ltr'>ἃς.</span> <span class='ocrx_word' id='word_1_241' title='bbox 1260 3891 1303 3939; x_wconf 93' lang='lat' dir='ltr'><em>C</em></span> <span class='ocrx_word' id='word_1_242' title='bbox 1339 3890 1405 3939; x_wconf 84' lang='lat' dir='ltr'>II</span> <span class='ocrx_word' id='word_1_243' title='bbox 1594 3904 1620 3950; x_wconf 91' lang='lat'>5</span> <span class='ocrx_word' id='word_1_244' title='bbox 1659 3897 1891 3953; x_wconf 83' lang='lat' dir='ltr'>operatur</span> <span class='ocrx_word' id='word_1_245' title='bbox 1932 3890 1976 3937; x_wconf 93' lang='lat' dir='ltr'><em>C</em></span> <span class='ocrx_word' id='word_1_246' title='bbox 2009 3891 2160 3949; x_wconf 82' lang='lat' dir='ltr'><em>(corr)</em></span> <span class='ocrx_word' id='word_1_247' title='bbox 2199 3890 2266 3938; x_wconf 82' lang='lat' dir='ltr'><em>H</em></span> <span class='ocrx_word' id='word_1_248' title='bbox 2410 3888 2441 3938; x_wconf 94' lang='lat'><strong>6</strong></span> <span class='ocrx_word' id='word_1_249' title='bbox 2471 3890 2614 3938; x_wconf 83' lang='lat' dir='ltr'>uobis</span> <span class='ocrx_word' id='word_1_250' title='bbox 2638 3891 2698 3938; x_wconf 89' lang='lat' dir='ltr'><em>H</em></span> <span class='ocrx_word' id='word_1_251' title='bbox 2707 3889 2732 3912; x_wconf 76' lang='lat'>⁴*</span> 
     </span>
     <span class='ocr_line' id='line_1_31' title="bbox 316 3966 2732 4034; baseline 0.001 -19"><span class='ocrx_word' id='word_1_252' title='bbox 316 3979 344 4030; x_wconf 76' lang='lat'><em>7</em></span> <span class='ocrx_word' id='word_1_253' title='bbox 378 3967 657 4030; x_wconf 80' lang='lat' dir='ltr'>largitatem</span> <span class='ocrx_word' id='word_1_254' title='bbox 700 3968 743 4015; x_wconf 89' lang='lat' dir='ltr'><em>C</em></span> <span class='ocrx_word' id='word_1_255' title='bbox 748 3966 775 3990; x_wconf 73' lang='lat'>⁴*</span> <span class='ocrx_word' id='word_1_256' title='bbox 801 3968 868 4016; x_wconf 81' lang='lat' dir='ltr'><em>H</em></span> <span class='ocrx_word' id='word_1_257' title='bbox 1117 3985 1167 4017; x_wconf 88' lang='lat'>11</span> <span class='ocrx_word' id='word_1_258' title='bbox 1206 3984 1333 4031; x_wconf 86' lang='lat' dir='ltr'>quae</span> <span class='ocrx_word' id='word_1_259' title='bbox 1371 3969 1473 4031; x_wconf 69' lang='lat' dir='ltr'>(lus</span> <span class='ocrx_word' id='word_1_260' title='bbox 1495 3968 1618 4029; x_wconf 74' lang='lat' dir='ltr'>dixi)</span> <span class='ocrx_word' id='word_1_261' title='bbox 1656 3970 1759 4016; x_wconf 75' lang='lat' dir='ltr'>add</span> <span class='ocrx_word' id='word_1_262' title='bbox 1796 3969 1840 4017; x_wconf 91' lang='lat' dir='ltr'><em>C</em></span> <span class='ocrx_word' id='word_1_263' title='bbox 1869 3969 2016 4028; x_wconf 79' lang='lat' dir='ltr'><em>(corr)</em></span> <span class='ocrx_word' id='word_1_264' title='bbox 2047 3967 2054 4031; x_wconf 94' lang='grc' dir='ltr'>Ι</span> <span class='ocrx_word' id='word_1_265' title='bbox 2085 3969 2348 4033; x_wconf 85' lang='lat' dir='ltr'>eligantior</span> <span class='ocrx_word' id='word_1_266' title='bbox 2386 3975 2460 4017; x_wconf 85' lang='lat' dir='ltr'>est</span> <span class='ocrx_word' id='word_1_267' title='bbox 2504 3971 2548 4018; x_wconf 93' lang='lat' dir='ltr'><em>C</em></span> <span class='ocrx_word' id='word_1_268' title='bbox 2587 3969 2732 4034; x_wconf 76' lang='lat' dir='ltr'><em>(corr)</em></span> 
     </span>
     <span class='ocr_line' id='line_1_32' title="bbox 319 4045 2738 4112; baseline 0.001 -15"><span class='ocrx_word' id='word_1_269' title='bbox 319 4063 373 4097; x_wconf 78' lang='lat'>12</span> <span class='ocrx_word' id='word_1_270' title='bbox 417 4048 568 4096; x_wconf 80' lang='lat' dir='ltr'>habet</span> <span class='ocrx_word' id='word_1_271' title='bbox 604 4045 696 4110; x_wconf 79' lang='lat' dir='ltr'>ll}</span> <span class='ocrx_word' id='word_1_272' title='bbox 727 4047 822 4097; x_wconf 89' lang='lat' dir='ltr'>hoc</span> <span class='ocrx_word' id='word_1_273' title='bbox 857 4049 919 4098; x_wconf 78' lang='lat' dir='ltr'><em>H</em></span> <span class='ocrx_word' id='word_1_274' title='bbox 1095 4063 1153 4109; x_wconf 84' lang='lat'>14</span> <span class='ocrx_word' id='word_1_275' title='bbox 1191 4049 1428 4097; x_wconf 84' lang='lat' dir='ltr'>affinitate</span> <span class='ocrx_word' id='word_1_276' title='bbox 1469 4051 1532 4096; x_wconf 81' lang='lat' dir='ltr'>ll</span> <span class='ocrx_word' id='word_1_277' title='bbox 1705 4064 1760 4110; x_wconf 91' lang='lat'>15</span> <span class='ocrx_word' id='word_1_278' title='bbox 1800 4049 1863 4097; x_wconf 89' lang='lat' dir='ltr'>de</span> <span class='ocrx_word' id='word_1_279' title='bbox 1905 4049 2000 4097; x_wconf 86' lang='lat' dir='ltr'>illis</span> <span class='ocrx_word' id='word_1_280' title='bbox 2038 4050 2105 4096; x_wconf 81' lang='lat' dir='ltr'>ll</span> <span class='ocrx_word' id='word_1_281' title='bbox 2299 4063 2354 4111; x_wconf 86' lang='lat'>17</span> <span class='ocrx_word' id='word_1_282' title='bbox 2401 4049 2518 4112; x_wconf 87' lang='lat' dir='ltr'>quia</span> <span class='ocrx_word' id='word_1_283' title='bbox 2553 4051 2658 4096; x_wconf 83' lang='lat' dir='ltr'>add</span> <span class='ocrx_word' id='word_1_284' title='bbox 2695 4052 2738 4099; x_wconf 87' lang='lat' dir='ltr'><em>C</em></span> 
     </span>
     <span class='ocr_line' id='line_1_33' title="bbox 317 4129 2748 4194; baseline 0 -17"><span class='ocrx_word' id='word_1_285' title='bbox 317 4131 466 4189; x_wconf 85' lang='lat' dir='ltr'><em>(corr)</em></span> <span class='ocrx_word' id='word_1_286' title='bbox 496 4129 503 4193; x_wconf 86' lang='grc' dir='ltr'>Ι</span> <span class='ocrx_word' id='word_1_287' title='bbox 534 4129 584 4177; x_wconf 88' lang='lat' dir='ltr'>hi</span> <span class='ocrx_word' id='word_1_288' title='bbox 622 4146 663 4177; x_wconf 87' lang='lat' dir='ltr'>s.</span> <span class='ocrx_word' id='word_1_289' title='bbox 701 4130 736 4179; x_wconf 80' lang='lat' dir='ltr'>f.</span> <span class='ocrx_word' id='word_1_290' title='bbox 779 4131 828 4179; x_wconf 89' lang='lat' dir='ltr'>A</span> <span class='ocrx_word' id='word_1_291' title='bbox 865 4146 943 4178; x_wconf 85' lang='lat' dir='ltr'>om</span> <span class='ocrx_word' id='word_1_292' title='bbox 985 4130 1030 4179; x_wconf 95' lang='lat' dir='ltr'><em>C</em></span> <span class='ocrx_word' id='word_1_293' title='bbox 1060 4131 1126 4179; x_wconf 84' lang='lat' dir='ltr'>II</span> <span class='ocrx_word' id='word_1_294' title='bbox 1317 4146 1379 4181; x_wconf 79' lang='lat'>20</span> <span class='ocrx_word' id='word_1_295' title='bbox 1425 4130 1826 4179; x_wconf 66' lang='lat' dir='ltr'>iustificationem</span> <span class='ocrx_word' id='word_1_296' title='bbox 1862 4146 1938 4177; x_wconf 84' lang='lat' dir='ltr'>om</span> <span class='ocrx_word' id='word_1_297' title='bbox 1983 4131 2026 4178; x_wconf 94' lang='lat' dir='ltr'><em>C</em></span> <span class='ocrx_word' id='word_1_298' title='bbox 2065 4130 2216 4188; x_wconf 79' lang='lat' dir='ltr'><em>(corr)</em></span> <span class='ocrx_word' id='word_1_299' title='bbox 2437 4144 2498 4189; x_wconf 75' lang='lat'>²4</span> <span class='ocrx_word' id='word_1_300' title='bbox 2532 4130 2617 4194; x_wconf 88' lang='lat' dir='ltr'>qui</span> <span class='ocrx_word' id='word_1_301' title='bbox 2644 4130 2748 4194; x_wconf 53' lang='grc' dir='ltr'>(ἀφ’</span> 
     </span>
     <span class='ocr_line' id='line_1_34' title="bbox 316 4212 732 4272; baseline -0.005 -10"><span class='ocrx_word' id='word_1_302' title='bbox 316 4214 452 4272; x_wconf 84' lang='lat' dir='ltr'>ante)</span> <span class='ocrx_word' id='word_1_303' title='bbox 477 4212 579 4259; x_wconf 80' lang='lat' dir='ltr'>add</span> <span class='ocrx_word' id='word_1_304' title='bbox 602 4214 644 4261; x_wconf 95' lang='lat' dir='ltr'><em>C</em></span> <span class='ocrx_word' id='word_1_305' title='bbox 667 4212 732 4260; x_wconf 79' lang='lat' dir='ltr'><em>H</em></span> 
     </span>
     <span class='ocr_line' id='line_1_35' title="bbox 385 4341 2366 4406; baseline 0 -17"><span class='ocrx_word' id='word_1_306' title='bbox 385 4357 432 4389; x_wconf 83' lang='lat'>2.</span> <span class='ocrx_word' id='word_1_307' title='bbox 493 4350 598 4405; x_wconf 80' lang='lat' dir='ltr'>exp.</span> <span class='ocrx_word' id='word_1_308' title='bbox 634 4342 791 4390; x_wconf 82' lang='lat' dir='ltr'>simul</span> <span class='ocrx_word' id='word_1_309' title='bbox 816 4343 951 4406; x_wconf 82' lang='lat' dir='ltr'><em>quia,</em></span> <span class='ocrx_word' id='word_1_310' title='bbox 993 4342 1108 4403; x_wconf 63' lang='grc' dir='ltr'>δία]</span> <span class='ocrx_word' id='word_1_311' title='bbox 1177 4341 1273 4391; x_wconf 88' lang='lat' dir='ltr'>See</span> <span class='ocrx_word' id='word_1_312' title='bbox 1308 4359 1383 4393; x_wconf 84' lang='lat' dir='ltr'>vv.</span> <span class='ocrx_word' id='word_1_313' title='bbox 1417 4343 1466 4391; x_wconf 89' lang='lat' dir='ltr'>ll.</span> <span class='ocrx_word' id='word_1_314' title='bbox 1575 4344 1722 4392; x_wconf 72' lang='lat' dir='ltr'>cohib.</span> <span class='ocrx_word' id='word_1_315' title='bbox 1753 4351 1805 4392; x_wconf 86' lang='lat' dir='ltr'>to</span> <span class='ocrx_word' id='word_1_316' title='bbox 1829 4341 2077 4406; x_wconf 83' lang='lat' dir='ltr'>complete</span> <span class='ocrx_word' id='word_1_317' title='bbox 2101 4343 2184 4392; x_wconf 88' lang='lat' dir='ltr'>the</span> <span class='ocrx_word' id='word_1_318' title='bbox 2208 4358 2366 4392; x_wconf 84' lang='lat' dir='ltr'>sense.</span> 
     </span>
     <span class='ocr_line' id='line_1_36' title="bbox 223 4422 2733 4486; baseline 0.001 -16"><span class='ocrx_word' id='word_1_319' title='bbox 223 4427 233 4434; x_wconf 85' lang='grc'><em>“</em></span> <span class='ocrx_word' id='word_1_320' title='bbox 319 4422 430 4470; x_wconf 86' lang='lat' dir='ltr'>The</span> <span class='ocrx_word' id='word_1_321' title='bbox 462 4422 613 4473; x_wconf 75' lang='lat' dir='ltr'>MSS.</span> <span class='ocrx_word' id='word_1_322' title='bbox 640 4440 721 4472; x_wconf 84' lang='lat' dir='ltr'>are</span> <span class='ocrx_word' id='word_1_323' title='bbox 757 4423 938 4486; x_wconf 82' lang='lat' dir='ltr'>clearly</span> <span class='ocrx_word' id='word_1_324' title='bbox 960 4432 1011 4472; x_wconf 85' lang='lat' dir='ltr'>at</span> <span class='ocrx_word' id='word_1_325' title='bbox 1046 4424 1202 4482; x_wconf 82' lang='lat' dir='ltr'>fault3</span> <span class='ocrx_word' id='word_1_326' title='bbox 1235 4430 1278 4472; x_wconf 82' lang='lat' dir='ltr'>et</span> <span class='ocrx_word' id='word_1_327' title='bbox 1309 4441 1355 4472; x_wconf 86' lang='lat' dir='ltr'>se</span> <span class='ocrx_word' id='word_1_328' title='bbox 1386 4425 1473 4473; x_wconf 62' lang='lat' dir='ltr'>has</span> <span class='ocrx_word' id='word_1_329' title='bbox 1643 4425 1722 4472; x_wconf 81' lang='lat'>28.</span> <span class='ocrx_word' id='word_1_330' title='bbox 1776 4422 2551 4484; x_wconf 72' lang='lat' dir='ltr'>benedicentur...beteedicle‘onemJ</span> <span class='ocrx_word' id='word_1_331' title='bbox 2587 4424 2733 4472; x_wconf 80' lang='lat' dir='ltr'>Cited</span> 
     </span>
    </p>
   </div>
   <div class='ocr_carea' id='block_1_11' title="bbox 317 4505 2408 4569">
    <p class='ocr_par' dir='ltr' id='par_1_12' title="bbox 317 4505 2408 4569">
     <span class='ocr_line' id='line_1_37' title="bbox 317 4505 2408 4569; baseline -0.001 -17"><span class='ocrx_word' id='word_1_332' title='bbox 317 4507 444 4553; x_wconf 87' lang='lat' dir='ltr'>been</span> <span class='ocrx_word' id='word_1_333' title='bbox 469 4505 692 4569; x_wconf 81' lang='lat' dir='ltr'>changed</span> <span class='ocrx_word' id='word_1_334' title='bbox 717 4507 823 4555; x_wconf 89' lang='lat' dir='ltr'>into</span> <span class='ocrx_word' id='word_1_335' title='bbox 844 4508 940 4560; x_wconf 75' lang='lat' dir='ltr'>elsi.</span> <span class='ocrx_word' id='word_1_336' title='bbox 967 4507 1064 4555; x_wconf 84' lang='lat' dir='ltr'>and</span> <span class='ocrx_word' id='word_1_337' title='bbox 1089 4523 1135 4554; x_wconf 82' lang='lat' dir='ltr'>se</span> <span class='ocrx_word' id='word_1_338' title='bbox 1157 4507 1319 4556; x_wconf 87' lang='lat' dir='ltr'>added</span> <span class='ocrx_word' id='word_1_339' title='bbox 1353 4507 1475 4556; x_wconf 84' lang='lat' dir='ltr'>aster</span> <span class='ocrx_word' id='word_1_340' title='bbox 1579 4506 1643 4568; x_wconf 80' lang='lat' dir='ltr'>by</span> <span class='ocrx_word' id='word_1_341' title='bbox 1671 4506 1913 4554; x_wconf 81' lang='lat' dir='ltr'>Lansranc</span> <span class='ocrx_word' id='word_1_342' title='bbox 1937 4506 2035 4554; x_wconf 85' lang='lat' dir='ltr'>and</span> <span class='ocrx_word' id='word_1_343' title='bbox 2064 4507 2250 4553; x_wconf 82' lang='lat' dir='ltr'>Robert</span> <span class='ocrx_word' id='word_1_344' title='bbox 2276 4506 2331 4553; x_wconf 76' lang='lat' dir='ltr'>of</span> <span class='ocrx_word' id='word_1_345' title='bbox 2355 4507 2408 4553; x_wconf 72' lang='lat'>13.</span> 
     </span>
    </p>
   </div>
  </div>
 </body>
</html>
