3293 5233
324 366 463 433 111.
494 385 556 450 4,
591 371 670 456 5.]

326 563 444 632 est,
476 563 553 618 ut
594 563 663 619 et
710 554 777 619 in
821 555 1015 620 nobis
1058 554 1208 633 fiat3
1252 558 1338 621 de
1382 558 1623 639 quibus
1665 556 1850 621 nulla
1880 555 2125 640 poterit
2154 575 2298 620 esse
2327 552 2750 637 ambiguitas.
2779 625 2794 644 ·

328 656 447 719 sed
509 656 834 722 incertum
896 666 999 721 est
1062 657 1190 720 hoc
1250 658 1531 737 interim,
1592 675 1675 723 eo
1741 660 1923 742 quod
1987 678 2111 722 nec
2170 658 2387 740 ipsum
2447 657 2753 721 uidemus

331 756 688 823 Christum.
767 760 833 822 in
882 759 1011 822 Dei
1053 781 1211 842 ergo
1256 762 1516 839 uirtute,
1563 763 1677 845 qui
1724 770 1791 826 et
1834 762 1963 827 hoc
2008 763 2201 845 ipsud
2249 760 2559 844 perficiet,
2597 745 2750 823 c'um

327 858 474 939 ipso
521 858 803 936 Christo,
853 861 965 942 qui
1012 859 1248 925 horum
1298 873 1399 926 est
1446 865 1793 946 primitiae,
1826 865 1939 947 qui
1986 865 2248 929 interim
2294 884 2428 927 non
2463 863 2754 941 uidetur;

327 965 444 1027 sed
478 984 597 1027 nec
630 964 788 1027 illud
822 965 1100 1042 uidetur,
1131 967 1312 1047 quod
1347 967 1637 1031 futurum
1671 966 1837 1031 est!
1926 969 2086 1050 quid
2119 967 2323 1050 ergo?
2826 972 2858 1039 5

1073 386 1155 435 ΙΝ
1206 386 1311 438 ΕΡ.
1357 387 1459 436 AD
1504 385 2026 439 COLOSSENSES.
2621 387 2750 452 299

397 1097 407 1107 ’
455 1136 599 1179 cum
665 1114 965 1181 Christus
1020 1117 1403 1201 adparuerit
1458 1117 1602 1182 uita
1659 1129 1891 1197 uestra,
1953 1129 2106 1183 tunc
2158 1129 2222 1183 et
2268 1138 2382 1182 uos
2424 1135 2569 1182 cum
2621 1116 2752 1200 ῥύεο

328 1216 722 1300 αιίρανεὸίῑιζς
753 1217 822 1280 in
843 1218 1081 1301 gloria.

460 1348 614 1411 ‘sed
675 1349 861 1411 atubi
922 1349 1032 1412 ille
1090 1350 1176 1413 de
1220 1349 1407 1413 caelo
1451 1352 1848 1434 adparuerit‚
1894 1352 2007 1434 qui
2053 1359 2154 1415 est
2198 1352 2608 1434 principatus
2653 1351 2752 1415 in-

327 1450 625 1514 mortalis
655 1452 833 1515 uitae
864 1461 1140 1528 uestrae,
1164 1453 1569 1534 adparebitis
1600 1463 1668 1516 et
1698 1473 1819 1516 uos
1850 1454 1916 1516 in
1949 1454 2200 1530 iisdem,
2232 1462 2540 1517 aeternae
2571 1456 2751 1518 uitae

326 1559 395 1615 et
427 1550 685 1616 suturae
707 1552 957 1635 gloriae
987 1553 1363 1617 fruitionem
1395 1555 1727 1621 adsecuti.’
1781 1555 1873 1618 sic
1903 1561 1971 1617 et
2001 1555 2242 1618 eiciens
2266 1555 2448 1619 illam
2478 1575 2752 1620 conuer-
2785 1571 2864 1620 10

326 1655 653 1719 sationem
695 1676 867 1739 quae
911 1657 1035 1719 sub
1077 1655 1222 1739 lege
1258 1666 1360 1719 est
1405 1676 1524 1738 per
1552 1656 1665 1719 illa
1705 1676 1876 1739 quae
1907 1656 2127 1720 sutura
2171 1667 2533 1739 sperantur,
2565 1679 2750 1741 egre-

326 1758 504 1821 ditur
534 1758 771 1822 iterum
803 1759 888 1821 ad
921 1757 1456 1822 exhortationem
1481 1781 1496 1839 ;
1530 1769 1597 1823 et
1627 1761 1986 1824 ostendens
2016 1762 2332 1844 quoniam
2366 1783 2498 1825 non
2531 1764 2746 1827 solum

328 1859 800 1923 inconueniens
832 1860 962 1923 illis
985 1861 1071 1923 sit
1092 1880 1381 1942 peccare,
1413 1881 1494 1923 co
1516 1862 1696 1943 quod
1724 1881 1856 1923 non
1882 1862 2015 1925 sint
2037 1863 2160 1926 sub
2193 1862 2353 1945 lege,
2386 1863 2502 1925 sed
2535 1862 2749 1927 multo

327 1962 541 2044 magis
593 1963 687 2025 eis
735 1959 968 2044 aptum
1016 1962 1103 2025 sit
1148 1961 1262 2025 illa
1302 1984 1473 2046 quae
1519 1963 1818 2026 ueritatis
1861 1973 2019 2028 sunt
2062 1962 2388 2047 perficere,
2421 1965 2475 2027 si
2517 1974 2746 2028 tamen

327 2066 802 2149 consequentia
861 2065 992 2129 illis
1038 2085 1235 2149 agere
1285 2066 1615 2130 uoluerint
1652 2085 1823 2149 quae
1873 2086 1993 2149 per
2037 2067 2372 2132 Christum
2419 2065 2557 2132 fieri
2602 2087 2748 2152 spe·
2784 2083 2854 2150 15

331 2179 595 2234 rantur:

412 2323 793 2407 mortificate
817 2345 966 2408 ergo
996 2324 1285 2389 membra
1315 2334 1535 2387 uestra
1564 2343 1727 2405 quae
1751 2333 1911 2386 sunt
1933 2333 2126 2405 super
2152 2333 2419 2390 terram.

459 2461 615 2544 quia
647 2459 1029 2524 inmortales
1059 2468 1214 2543 post
1245 2461 1784 2525 resurrectionem
1826 2461 2059 2539 effecti,
2092 2482 2363 2545 peccare
2394 2463 2567 2529 ultra
2613 2485 2749 2530 non

331 2562 733 2644 poterimus;
783 2561 1098 2626 mortales
1150 2582 1307 2626 uero
1352 2563 1649 2646 sequitur
1694 2573 1769 2627 ut
1820 2572 2112 2646 peccent.
2221 2564 2412 2629 sicuti
2462 2586 2619 2650 ergo
2659 2587 2748 2631 ex

329 2663 607 2727 diuersis
666 2664 981 2728 membris
1032 2673 1453 2745 peccatorum
1515 2665 1960 2747 compositum
2014 2665 2362 2730 mortalem
2407 2664 2746 2732 hominem
2778 2689 2864 2738 20

333 2830 656 2913 Χριστοῦ,
699 2827 812 2894 καὶ
842 2827 1305 2913 ἀμφιβάλλειν
1334 2828 1609 2895 ἔσεσθαι
1639 2830 1749 2895 καὶ
1787 2829 1896 2895 ἐπὶ
1938 2829 2121 2913 ἡμῶν
2165 2830 2458 2912 οὐδαμῶς
2496 2829 2632 2898 οἶόν
2660 2858 2748 2898 τε.

328 2927 511 2994 ἀλλὰ
546 2929 789 3010 ἄδηλον
834 2930 992 3000 τέως·
1037 2933 1225 2996 τοῦτο
1274 2930 1416 2996 ἐπεὶ
1444 2929 1607 3013 μηδὲ
1652 2928 1853 2996 αὑτὸν
1886 2929 2134 3017 ὁρῶμεν
2164 2929 2276 2998 τὸν
2319 2932 2634 3019 Χριστόν.
2680 2934 2749 2999 ἐν

333 3029 446 3098 οὖν
493 3035 571 3117 τῇ
618 3034 730 3099 τοῦ
776 3033 920 3098 θεοῦ
960 3031 1225 3115 δυνάμει
1265 3036 1379 3099 τοῦ
1425 3033 1974 3116 κατεργαζομένου
2017 3035 2208 3099 τοῦτο
2250 3033 2371 3099 σὺν
2416 3034 2594 3124 αὐτῷ
2655 3041 2748 3125 τῷ

335 3136 617 3222 Χριστῷ
644 3137 723 3220 τῇ
746 3133 993 3201 τούτων
1024 3133 1301 3223 ἀπαρχῇ
1330 3135 1488 3206 τέως
1519 3135 1702 3200 ἐστιν
1731 3133 1970 3222 ἀφανὲς
2002 3134 2076 3201 τὸ
2109 3135 2436 3219 ἐσόμενον.

918 3324 950 3368 4
985 3308 1035 3356 in
1061 3308 1166 3371 (bqf
1177 3308 1316 3367 Chr.)
1339 3308 1444 3356 add
1466 3308 1509 3356 C
1527 3308 1595 3356 Η
1610 3305 1757 3371 (corr)
1784 3323 1843 3357 r:
1877 3324 1925 3358 v.
1959 3309 2050 3359 Gk.

1166 3404 1198 3454 9
1231 3390 1410 3439 eodem
1435 3388 1550 3454 (for
1568 3388 1766 3453 iisdem)
1795 3391 1838 3439 C
1859 3392 2008 3451 (corr)

436 3323 455 3357 1
494 3309 734 3358 inomH
2254 3310 2626 3362 eadubiCH
2673 3313 2747 3364 ait

332 3391 419 3441 ubi
442 3408 474 3440 r
497 3388 507 3453 Ι
535 3389 919 3439 immortalitatis
942 3406 974 3438 r

399 3564 445 3606 4.
516 3544 611 3608 qui
654 3542 1011 3591 interim...sed
1037 3557 1120 3590 nec
1154 3541 1309 3602 illud]
1376 3542 1489 3592 The

334 3626 600 3676 translator
618 3626 709 3674 has
739 3623 885 3689 again
917 3625 1100 3673 missed
1129 3624 1215 3673 the
1246 3624 1361 3673 idea
1390 3624 1489 3672 and

335 3704 668 3755 construction
698 3702 757 3752 of
781 3702 865 3752 the
897 3703 995 3752 Gk.
1073 3704 1299 3766 Possibly
1321 3703 1373 3751 in
1405 3703 1491 3751 the

336 3786 545 3852 original
581 3784 767 3848 ἀοράτῳ
794 3787 852 3845 (s.
883 3786 1080 3844 ἀφανεῖ)
1114 3782 1214 3833 ὄντι
1243 3786 1490 3849 preceded

336 3871 421 3920 the
460 3869 644 3918 second
684 3870 812 3927 τέως,
854 3869 954 3917 and
990 3869 1075 3918 the
1116 3869 1263 3917 Latin
1309 3869 1491 3919 should

336 3953 464 4002 have
498 3967 624 4000 run:
665 3951 763 3999 “in
803 3950 903 3999 Dei
938 3965 1057 4013 ergo
1095 3949 1277 3999 uirtute
1315 3949 1401 4013 qui
1441 3955 1490 3998 et

336 4036 432 4084 hoc
454 4033 691 4099 perficiet,
719 4048 832 4082 cum
856 4033 966 4096 ipso
982 4033 1181 4081 Christo
1204 4032 1289 4096 qui
1311 4032 1489 4081 horum

336 4123 409 4167 αῖ
454 4114 718 4180 primitiae,
768 4113 855 4178 qui
897 4128 998 4162 non
1036 4113 1247 4174 uidetur,
1294 4112 1489 4162 interim

336 4195 584 4246 inuisibile
607 4201 681 4242 est
705 4193 827 4242 illud
850 4192 983 4256 quod
1008 4192 1225 4241 futurum
1248 4191 1376 4242 est.”

342 4334 347 4339 ⁵
403 4278 450 4327 8.
514 4275 857 4341 principatus]
878 4272 1238 4339 =principium
1282 4275 1490 4337 (ἀρχή);

338 4378 419 4412 see
440 4361 572 4410 lexx.

409 4455 480 4489 ιο.
551 4438 727 4489 eiciens
744 4439 887 4486 illam
905 4428 1142 4494 cbnuers.‚
1159 4436 1276 4496 δια]
1309 4436 1490 4485 Thdt.:

1591 3543 1758 3601 ἐπειδὴ
1781 3543 1833 3591 δὲ
1865 3539 1945 3592 τὰς
1973 3541 2163 3601 νομικὰς
2194 3543 2547 3605 παρατηρήσεις
2580 3545 2746 3608 ἐξέβα-

1591 3625 1692 3683 λεν,
1743 3624 1818 3672 ἵνα
1859 3628 1928 3685 μὴ
1971 3625 2231 3683 νομίσωσιν
2279 3623 2443 3675 ἄδειαν
2486 3628 2621 3688 ἔχειν
2660 3630 2748 3677 τοῦ

1594 3703 1898 3768 ἁμαρτάνειν,
1954 3704 2227 3766 ἀναγκαίως
2279 3708 2358 3755 καὶ
2413 3709 2521 3768 περὶ
2577 3711 2747 3757 τούτου

1593 3786 1757 3847 σοφῶς
1781 3786 2057 3835 ὑποτίθεται
2077 3788 2142 3835 τὰ
2162 3786 2483 3850 προσήκοντα.
2551 3790 2565 3815 ‘
2580 3788 2746 3852 νεκρώ-
2787 3837 2795 3842 .

1592 3884 1712 3916 σατε
1736 3866 1855 3927 οὖν,’
1877 3870 2031 3918 κ.τ.λ.

1663 3963 1736 4013 19.
1810 3950 2035 3998 mortales
2055 3966 2168 4000 uero
2188 3951 2430 4014 sequitur,
2458 3949 2578 4012 &c.}
2646 3954 2748 4002 τοῖς

1592 4033 1780 4090 θνητοῖς
1832 4033 1883 4080 δὲ
1938 4033 2106 4080 ἕπεται
2160 4032 2218 4080 τὸ
2273 4030 2573 4092 ἁμαρτάνειν.
2659 4032 2738 4084 Cs.

1590 4127 1639 4176 Ρ·
1674 4124 1779 4174 173²
1806 4111 1860 4160 ll·
1891 4124 1935 4173 7»
1969 4124 2045 4173 ¹7·

1658 4207 1718 4239 ex
1759 4191 1969 4239 diuersis
2013 4189 2251 4250 membris,
2291 4190 2405 4251 δια]
2471 4190 2549 4242 Cf.
2592 4192 2754 4242 seve·-

1591 4271 1758 4321 rianus
1791 4288 1872 4336 ap.
1914 4272 2134 4321 Cramer.
2157 4271 2223 4320 vi.
2256 4286 2379 4335 330:
2415 4269 2570 4334 σάρκα
2603 4274 2745 4322 καλεῖ

1591 4356 1682 4415 τὴν
1734 4351 1984 4416 ἁμαρτίαν,
2039 4349 2092 4412 ἦς
2142 4353 2224 4402 καὶ
2274 4350 2338 4402 τὰ
2378 4355 2507 4413 μέλη
2550 4371 2741 4417 καταρι-

1594 4434 1721 4492 θμεῖ·
1770 4436 1849 4483 καὶ
1875 4429 2136 4495 &prophan
2167 4434 2250 4483 τὸν
2283 4438 2344 4484 ἐκ
2381 4435 2601 4483 τούτων
2632 4436 2744 4485 τῶν
