3293 5233
478 2657 562 2704 20

584 411 666 489 36
1245 423 1700 475 THEODORUS
1748 423 2331 475 MOPSUESTENUS

2446 409 2562 492 [ΙΙ.
2598 410 2904 475 21—111.
2939 426 2994 473 2.

710 590 849 652 iure
902 588 969 652 id
1016 589 1231 668 dixit;
1275 590 1329 652 si
1375 589 1553 653 enim
1600 610 1722 672 pro
1769 600 1996 652 nostra
2041 589 2511 652 iustificatione
2543 591 2769 655 omnia
2811 591 2998 666 fiunt,

579 690 707 754 hoc
737 699 853 767 est,
885 693 941 755 si
973 701 1199 756 autem
1250 692 1442 755 nobis
1473 713 1561 755 ex
1594 692 1741 775 lege
1783 692 2041 774 adquiri
2088 702 2369 776 poterat,
2402 692 2736 776 superflua
2766 692 2997 775 utique

583 796 706 875 fuit
752 817 932 861 mors
982 797 1245 875 Christi,
1294 798 1455 862 nihil
1507 799 1795 882 amplius
1842 799 2205 882 perficiens.

1448 911 1516 965 et
1547 904 1704 985 quia
1735 903 2201 985 probationem
2240 912 2382 967 erat
2427 902 2820 978 adiecturus,
2856 901 2998 965 nul-

583 899 738 963 fidei
769 899 1356 965 confirmationem.

2296 799 2539 862 deinde
2588 798 2866 862 uertitur
2909 799 2995 861 ad

521 1002 720 1078 51am
772 1003 1281 1085 ambiguitatem
1335 1004 1660 1068 sustinere
1713 1005 2171 1085 sufficientem,
2223 1027 2304 1070 eo
2357 1004 2539 1089 quod
2597 1026 2731 1069 non
2780 1004 2995 1069 uerbis

585 1113 809 1167 autem
840 1125 1041 1188 opere
1072 1105 1210 1168 eius
1242 1115 1384 1169 erat
1415 1105 1634 1170 futura
1673 1108 2024 1189 probatio;
2068 1106 2154 1171 ad
2196 1108 2715 1191 increpationem
2750 1106 2995 1189 incipit,

585 1204 925 1270 confidens
975 1207 1227 1270 nullam
1277 1228 1471 1290 posse
1521 1208 1844 1272 sustinere
1885 1211 2405 1274 controuersiam
2454 1209 2567 1274 illa
2615 1230 2787 1292 quae
2836 1229 2877 1272 a
2923 1229 2994 1272 se

587 1310 872 1375 dicenda
902 1321 1131 1376 erant:

715 1476 751 1517 ο
796 1454 1112 1518 insensati
1157 1454 1452 1535 Galatae,
1497 1456 1646 1538 quis
1693 1477 1807 1520 uos
1833 1457 2214 1538 fascinauit
2230 1456 2265 1519 ,9
2325 1456 2557 1539 quibus
2599 1465 2751 1518 ante
2790 1455 2996 1518 oculos

485 1564 560 1611 10
585 1554 767 1620 Iesus
800 1556 1103 1623 Christus
1113 1559 1515 1641 proscriptus
1541 1569 1652 1636 est,
1681 1568 1745 1622 et
1771 1558 1843 1622 in
1872 1558 2053 1622 uobis
2081 1558 2426 1641 cruczfi‘cus
2453 1567 2564 1620 est.

717 1686 862 1748 uult
892 1685 1163 1768 quidem
1194 1687 1413 1749 dicere
1443 1688 1761 1769 quoniam
1797 1694 1813 1722 ‘
1835 1707 1987 1750 cum
2020 1687 2235 1751 multo
2283 1687 2523 1751 affectu
2557 1686 2756 1749 uerba
2788 1685 2996 1748 crucis

587 1788 880 1852 audistis

971 1799 1243 1872 propter
1278 1789 1457 1871 quod
1505 1798 1572 1851 et
1603 1788 1976 1852 credidistis
2014 1788 2140 1852 illis
2180 1789 2371 1852 bonis
2418 1808 2590 1870 quae
2641 1786 2833 1849 nobis
2881 1805 2998 1868 per

588 1912 739 1954 eum
786 1893 1118 1974 adquisita
1159 1902 1333 1968 sunt,
1374 1892 1466 1955 ita
1511 1901 1589 1956 ut
1630 1902 1697 1956 et
1742 1901 1899 1955 ante
1941 1892 2170 1955 oculos
2223 1904 2478 1958 uestros
2526 1895 2728 1978 paulo
2776 1892 2994 1954 minus

587 1995 1033 2077 depingeretis
1088 1996 1302 2077 ipsam
1358 2015 1620 2058 crucem
1672 2005 1739 2059 et
1782 1996 1894 2059 illa
1933 2017 2106 2078 qua-e
2153 2018 2233 2060 eo
2271 2007 2571 2081 tempore
2618 1999 2791 2063 sacta
2823 2006 2993 2060 sunt.

591 2197 928 2263 Christum
960 2198 1205 2262 habere
1237 2200 1643 2263 uidebamini
1666 2201 1718 2264 Γ

485 2109 553 2175 15
587 2118 721 2178 qua
774 2117 931 2178 ergo
983 2097 1416 2160 fascinatione
1476 2108 1739 2161 tantum
1803 2100 2136 2168 abiecistis
2197 2101 2530 2177 affectum,
2579 2125 2779 2185 quem
2840 2125 2994 2186 erga

1812 2202 2227 2264 interiectum
2262 2213 2361 2265 est
2394 2213 2619 2266 autem
2654 2215 2871 2268 totum
2908 2207 2995 2270 ab

589 2300 703 2362 illo
756 2299 918 2375 loce,
968 2321 1102 2382 quo
1160 2301 1354 2375 dixit,
1403 2302 1550 2382 quis
1598 2324 1713 2365 uos
1748 2304 2171 2384 fascinam't,·
2235 2315 2498 2385 poterat
2547 2312 2725 2374 enim
2782 2314 2991 2395 ipsam

588 2404 1106 2485 increpationem
1159 2424 1448 2466 curuare.
1530 2424 1685 2467 nam
1747 2405 1832 2467 ad
1883 2405 2044 2467 illud
2095 2405 2276 2487 quod
2326 2406 2539 2470 dixit:
2588 2431 2626 2471 o
2680 2412 2998 2476 insensati
3032 2452 3035 2455 ¹

592 2504 883 2580 Galatae,
915 2515 1402 2585 consequenter
1429 2514 1670 2586 postea
1701 2507 1979 2568 adiecit:

715 2641 829 2704 lzoc
869 2640 1077 2704 solum
1125 2639 1267 2703 uolo
1312 2640 1550 2703 discere
1593 2662 1637 2704 a
1687 2641 1906 2720 uobis,·
1973 2663 2052 2704 ex
2098 2641 2390 2724 operibus
2438 2642 2599 2724 legis
2661 2644 2991 2725 Spiritum

587 2743 927 2825 accepistis,
956 2762 1045 2805 an
1075 2763 1151 2805 ex
1177 2741 1410 2805 auditu
1422 2742 1597 2828 fidei
1612 2743 1649 2807 ,9

686 2940 714 2974 2
749 2925 917 2974 omnia
941 2921 1056 2988 (fhr
1086 2921 1270 2988 autem)
1311 2925 1354 2974 C
1375 2922 1520 2988 (corr)
1587 2932 1672 2974 aut
1712 2925 1779 2974 H
1796 2922 1804 2989 Ι
1833 2933 2064 2989 poterant
2107 2926 2150 2975 C
2184 2924 2328 2989 (corr)

587 3005 692 3055 eius
728 3005 763 3054 f.
795 3022 848 3055 e.
878 3006 1187 3070 approbatio
1225 3006 1292 3054 H

595 3103 652 3149 13
685 3088 974 3151 adquaesita
1002 3088 1045 3135 C
1063 3088 1123 3135 H

592 3184 655 3217 ἰο
677 3169 931 3218 Christum
949 3168 1072 3232 (for
1094 3169 1354 3233 Spiritum)
1385 3171 1427 3218 C
1445 3171 1512 3218 H

657 3321 700 3355 α.
771 3305 819 3353 si
835 3305 1020 3365 autem]
1061 3307 1196 3365 εἴπερ
1219 3306 1387 3367 ἅρα(ἳ)
1416 3303 1632 3368 (Thdt.).

657 3400 701 3448 5.
778 3402 879 3434 non
905 3386 1065 3434 uerbis
1097 3394 1258 3434 autem
1293 3388 1446 3450 open-e]
1494 3386 1546 3435 οὐ
1581 3385 1746 3448 λόγοις

590 3465 700 3515 ἀλλ’
721 3468 866 3529 ἔργῳ.
912 3468 1022 3516 The
1046 3468 1200 3517 MSS.
1223 3468 1336 3531 give
1358 3475 1450 3516 aut
1470 3469 1746 3528 (doubtless

593 3550 668 3598 for
689 3548 832 3608 aut'),
856 3549 1019 3597 which
1046 3549 1180 3597 Pitra
1201 3549 1350 3597 alters
1373 3551 1478 3597 into
1495 3550 1586 3598 sed.
1662 3552 1746 3600 On

591 3632 677 3681 the
707 3631 848 3695 place
887 3631 945 3679 of
978 3639 1142 3678 aulem
1186 3631 1236 3679 in
1278 3631 1367 3680 the
1405 3641 1636 3682 sentence
1681 3631 1744 3682 cf.

597 3710 928 3770 Hildebrand‚
954 3710 1206 3773 Apuleius,
1237 3712 1268 3756 i.
1297 3726 1408 3773 234.

665 3807 737 3842 10.
809 3793 864 3840 in
889 3791 1040 3852 uobis]
1081 3792 1175 3840 Th.
1207 3793 1350 3840 reads
1373 3794 1423 3840 ἐν
1446 3790 1553 3850 ὑμῖν
1576 3794 1744 3842 ἐσταυ-

593 3874 810 3936 ρωμένος.
885 3876 954 3924 So
979 3875 1175 3939 Chrys„
1199 3874 1353 3923 Thdt.
1381 3874 1470 3935 (ατί
1486 3875 1531 3923 la.
1558 3876 1636 3935 1.).

666 3973 684 4006 1
701 3974 742 4007 1.
788 3957 900 4005 uult
932 3957 1122 4020 quidem
1219 3955 1538 4017 uidebamim]
1599 3956 1748 4006 Cited

594 4042 662 4104 by
685 4040 944 4089 Lansranc.

664 4120 737 4170 16.
789 4121 1088 4170 intereectum
1131 4118 1224 4183 est]
1277 4120 1310 4170 i.
1327 4137 1361 4169 e.
1415 4119 1498 4168 the
1554 4120 1748 4169 natural

594 4219 834 4268 sequence
867 4202 1032 4252 would
1068 4203 1147 4262 be,
1190 4201 1228 4249 ὦ
1265 4203 1457 4260 ἀνόητοι
1491 4203 1564 4261 Γ.,
1607 4204 1748 4250 τοῦτο

593 4284 734 4341 μόνον
758 4285 883 4330 θέλω
912 4284 1080 4341 μαθεῖν
1113 4279 1191 4342 ἀφ’
1227 4281 1368 4339 ὑμῶν,
1400 4284 1548 4330 κ.τ.λ.
1618 4283 1747 4330 Lan-

593 4365 730 4413 franc
751 4365 888 4427 gives
912 4366 997 4414 the
1019 4381 1159 4414 sense
1184 4365 1242 4413 of
1270 4365 1366 4413 this
1390 4364 1555 4413 clause
1577 4384 1589 4413 :
1631 4364 1746 4412 “in-

592 4448 848 4495 teriectum
871 4454 963 4503 est,
987 4448 1051 4495 ab
1074 4463 1136 4495 eo
1158 4445 1271 4494 loco
1297 4461 1452 4510 usque
1486 4446 1549 4493 ad
1585 4444 1746 4494 hunc:

594 4529 751 4575 solum
789 4527 904 4588 [hoc
939 4527 1096 4576 solum
1115 4528 1169 4588 ?],
1211 4527 1297 4575 Sec.
1385 4536 1578 4590 poterat
1613 4528 1745 4574 enim

2620 2926 2772 2976 6aut
2814 2927 2969 2986 CH!

1501 3019 1561 3055 ιο
1593 3006 1925 3070 praescriptus
1953 3008 1995 3055 C
2015 3007 2099 3067 [cs.
2125 3023 2174 3070 p.
2210 3020 2284 3069 17,
2320 3006 2352 3055 1.
2384 3022 2456 3067 u,
2493 3023 2573 3056 vv.
2602 3007 2682 3068 11.)
2710 3006 2718 3070 1
2748 3017 2798 3057 et
2831 3025 2908 3057 om
2944 3009 3006 3056 H

1292 3102 1348 3150 15
1384 3088 1500 3152 quia
1525 3088 1638 3152 (sor
1658 3089 1776 3154 qua)
1801 3089 1867 3136 H
1885 3091 1893 3153 Ι
1918 3088 2128 3138 abiectis
2151 3089 2244 3137 H*

2416 3103 2472 3151 17
2507 3091 2644 3153 quod
2676 3091 2800 3139 dixit
2840 3090 2916 3140 C*
2942 3091 3007 3140 H

1844 3306 2038 3354 dicere:
2098 3305 2195 3355 hoc
2240 3306 2402 3354 solum
2454 3305 2573 3354 uolo
2622 3322 2653 3355 a
2704 3306 2847 3355 uobis
2903 3307 2998 3355 dis-

1844 3388 2061 3438 cere'’...
2132 3389 2243 3438 The
2279 3389 2483 3452 reading
2526 3389 2584 3437 of
2620 3405 2712 3437 our
2758 3389 2912 3437 MSS.
2961 3389 3003 3436 is

1846 3472 2090 3530 obscure;
2137 3471 2360 3535 possibly
2397 3486 2426 3519 a
2463 3470 2563 3518 line
2600 3471 2692 3519 has
2731 3472 2879 3535 dropt
2915 3481 3001 3520 out

1847 3552 1973 3601 aster
2007 3568 2220 3600 curuare
2230 3568 2254 3610 ,·
2287 3552 2371 3600 the
2408 3552 2570 3600 whole
2604 3568 2718 3615 may
2751 3552 2878 3601 have
2911 3568 3001 3601 run

1848 3635 1995 3683 thus:
2044 3640 2075 3662 ‘⁸
2091 3651 2141 3699 p.
2181 3635 2314 3683 enim
2353 3635 2512 3698 ipsam
2551 3635 2673 3683 incr.
2702 3651 2905 3684 curuare
2939 3637 3001 3683 ad

1847 3717 1970 3765 illud
2004 3718 2139 3781 quod
2174 3717 2325 3765 dixit:
2362 3717 2448 3764 hoc
2467 3718 2640 3775 solum,
2668 3724 2768 3777 etc„
2797 3732 2912 3764 nam
2937 3717 3000 3764 ad

1848 3798 1987 3855 illud,
2025 3797 2155 3847 etc.'’
2218 3798 2292 3847 Or
2329 3814 2542 3846 curuare
2579 3798 2619 3845 is
2659 3813 2720 3845 an
2759 3813 2892 3845 error
2927 3796 3002 3844 for

1849 3894 2055 3936 curare;
2089 3879 2156 3928 es.
2196 3877 2354 3942 insm,
2388 3895 2455 3927 on
2485 3895 2529 3928 c.
2562 3895 2610 3928 v.
2650 3894 2707 3927 ιο
2747 3881 3003 3940 (“sanans

1850 3958 1999 4017 eos'’,
2030 3962 2256 4009 “curans
2289 3958 2571 4019 Galatas”).
2629 3960 2728 4009 For
2757 3961 2901 4009 other
2930 3962 3003 4009 in·

1849 4049 2043 4089 stances
2077 4042 2136 4088 of
2174 4040 2319 4090 Th.’s
2354 4041 2492 4090 habit
2532 4042 2589 4090 os
2616 4042 2902 4106 explaining
2940 4058 3002 4090 an

1849 4122 2081 4170 involved
2107 4130 2208 4170 text
2233 4122 2299 4185 by
2316 4137 2348 4170 a
2371 4123 2691 4186 parenthesiS,
2715 4138 2796 4171 see
2816 4138 2899 4186 pp.
2926 4125 2997 4181 18,

1856 4218 1929 4267 ¹92
1956 4217 2035 4265 47·

1916 4299 1995 4332 20.
2042 4280 2307 4344 Spiritum]
2380 4282 2648 4340 Christum,
2683 4280 2768 4330 the
2802 4281 3007 4344 reading

1849 4363 1906 4411 os
1923 4363 2006 4411 the
2031 4363 2202 4421 MSS„
2231 4378 2324 4410 can
2347 4363 2561 4425 scarcely
2586 4363 2648 4409 be
2671 4377 2807 4409 more
2831 4362 2950 4408 than
2977 4378 3005 4408 a

1850 4443 2081 4510 copyist’s
2096 4461 2243 4494 error.
2287 4446 2382 4495 See
2398 4444 2479 4492 the
2498 4459 2694 4501 comm„
2708 4443 2804 4504 just
2826 4443 3001 4490 below.
