3293 5233
422 1484 501 1532 ιο
525 1464 769 1532 habere
813 1469 999 1551 digni
1041 1469 1424 1533 existimati.

523 1567 753 1632 diuina
799 1580 1033 1633 natura
1064 1570 1302 1635 affectu
1336 1569 1666 1633 inhabitat
1691 1569 2014 1651 'eliganti.'

526 378 643 441 142

1147 374 1605 426 THEODORUS
1653 371 2237 425 MOPSUESTENUS

2582 358 2665 443 [I.
2699 375 2800 438 22,
2837 372 2941 436 23.

518 545 698 627 quod
745 545 972 610 omnia
1014 545 1082 609 in
1136 546 1445 611 omnibus
1497 543 1591 608 sic
1643 565 1789 608 esse
1841 563 1993 608 eum
2047 552 2116 608 et
2156 564 2369 626 posse,
2413 543 2586 608 sicut
2620 542 2940 625 possibile

520 656 623 710 est
653 668 805 712 eum
837 669 997 724 esse,
1028 648 1140 730 qui
1186 649 1253 710 in
1296 667 1837 730 unumquemque
1876 656 2059 710 totus
2090 643 2252 709 est*
2341 645 2740 709 sufficienter
2777 664 2937 727 ergo

519 747 710 812 illum
769 747 1091 813 honorem
1150 749 1263 832 qui
1323 770 1479 832 erga
1539 770 1661 812 nos
1721 758 1823 813 est
1874 749 2184 822 ostendit,
2239 767 2478 829 corpus
2531 767 2653 810 nos
2705 746 2938 810 dicens

518 872 665 916 esse
712 850 976 929 Christi,
1029 863 1096 916 et
1140 853 1622 935 plenitudinem
1669 852 1808 915 eius
1853 851 1971 934 qui
2009 851 2229 913 omnia
2276 849 2347 912 in
2389 849 2686 914 omnibus
2722 848 2936 912 adim-

458 967 489 1034 5
507 952 741 1035 pletur.
830 952 959 1016 hoc
999 955 1226 1017 dicens
1254 979 1267 1018 :
1319 955 1671 1037 ‘quoniam
1702 974 1824 1017 nos
1857 952 2086 1016 fideles
2117 971 2357 1034 corpus
2388 952 2661 1033 quidem
2703 971 2935 1013 sumus

523 1054 787 1121 Christi.

876 1056 1200 1121 habemus
1253 1066 1476 1120 autem
1537 1077 1697 1139 prae
1746 1057 1980 1119 ceteris
2034 1056 2100 1118 in
2163 1054 2357 1118 nobis
2419 1053 2605 1117 illum
2668 1054 2781 1136 qui
2830 1063 2935 1117 est

522 1157 1127 1243 incircumscriptus
1194 1160 1294 1241 (ut
1346 1167 1527 1222 totus
1587 1160 1675 1222 sit
1733 1159 1961 1221 omnia
2022 1158 2089 1220 in
2151 1154 2509 1238 omnibus),
2572 1154 2935 1238 eligantem

525 1262 862 1341 quandam
910 1263 995 1325 ad
1044 1282 1195 1325 eum
1242 1262 1642 1343 accipientes
1694 1260 2254 1334 familiaritatem;
2317 1257 2646 1338 siquidem
2697 1278 2937 1339 corpus

524 1385 752 1428 sumus
799 1386 919 1429 nos
967 1365 1228 1443 Christi,
1274 1367 1594 1429 maiorem
1631 1387 1789 1448 prae
1834 1366 2071 1430 ceteris
2116 1363 2607 1446 copulationem
2656 1365 2740 1427 ad
2780 1384 2934 1428 eum

1515 1477 1718 1550 caput
1757 1478 1981 1531 autem
2033 1474 2333 1530 nostrum
2377 1462 2489 1526 ille
2530 1475 2647 1542 est,
2692 1467 2759 1528 in
2800 1486 2937 1548 quo

2103 1569 2274 1633 bene
2315 1579 2382 1632 et
2426 1569 2624 1633 ualde
2665 1590 2935 1652 scrupu-

524 1668 666 1733 lose
718 1672 895 1753 quod
945 1692 1076 1735 non
1123 1673 1373 1736 dixerit
1416 1671 1720 1736 absolute
1764 1673 1850 1735 de
1900 1671 2166 1736 Christo
2214 1675 2326 1755 qui
2380 1673 2746 1736 secundum
2796 1692 2937 1734 car-

525 1791 681 1835 nem
713 1783 829 1849 est,
850 1775 937 1837 de
959 1795 1092 1857 quo
1116 1776 1332 1838 omnis
1364 1773 1457 1837 illi
1489 1794 1706 1838 sermo
1725 1773 2045 1838 hactenus
2077 1773 2215 1850 fuit,
2239 1777 2554 1857 quoniam
2576 1773 2763 1837 dedit
2782 1794 2936 1837 eum

523 1883 727 1955 caput
771 1876 1101 1953 ecclesiae,
1152 1877 1421 1960 quando
1465 1887 1658 1959 super
1690 1897 1938 1939 omnem
1981 1877 2297 1940 ecclesiam
2336 1888 2525 1960 caput
2558 1898 2704 1941 eum
2745 1876 2936 1941 dedit.

423 1998 493 2066 15
524 1986 728 2058 caput
773 1979 1045 2059 quidem
1097 1980 1396 2041 omnium
1445 1987 1548 2041 est
1598 1979 1964 2042 secundum
2013 1980 2192 2060 quod
2243 1988 2311 2042 et
2357 1999 2592 2043 omnes
2642 1977 2936 2060 aliquam

526 2204 925 2292 θεωρεῖσθαι,
970 2207 1063 2293 τῷ
1113 2205 1330 2296 πάντα
1381 2206 1449 2272 ἐν
1489 2207 1700 2272 πᾶσιν
1743 2205 1910 2274 εἷναί
1946 2234 2022 2273 τε
2070 2203 2267 2273 αὑτὸν
2317 2204 2425 2272 καὶ
2473 2203 2807 2284 δύνασθαι,
2855 2203 2939 2276 ὥς

526 2308 687 2380 εἰκὸς
713 2310 826 2375 τὸν
854 2307 1113 2395 ἑκάστῳ
1134 2307 1290 2375 ὅλον
1319 2308 1487 2376 ὄντα.

629 2475 671 2521 ¹,
699 2475 727 2509 ἰ
763 2459 835 2510 sic
856 2475 963 2509 esse
986 2475 1101 2509 eum
1123 2460 1208 2525 qui
1230 2476 1437 2526 unumq.
1466 2467 1601 2510 totus
1622 2466 1698 2510 est
1721 2460 1788 2509 H

1457 2554 1515 2592 ια
1550 2542 1678 2592 dixit
1699 2542 1769 2591 H

532 2556 592 2591 xo
625 2541 800 2591 haberi
828 2538 963 2606 CH!
992 2549 1067 2591 est
1091 2541 1177 2593 ille
1199 2543 1267 2591 H

593 2680 639 2730 6.
711 2680 1040 2744 praesen-27⁰5]
1100 2682 1194 2730 See
1218 2698 1296 2730 vv.
1328 2682 1380 2728 ll.
1452 2682 1552 2728 For
1566 2690 1692 2744 prae

527 2764 893 2824 ceteros-:aragia
937 2764 1048 2811 τοὺς
1092 2766 1304 2822 λοιπούς,
1350 2764 1412 2812 cf.
1464 2764 1684 2818 Ronsch,

529 2848 683 2900 Itala,
709 2864 755 2908 p.
789 2862 899 2906 422.

601 2942 675 2976 10.
745 2928 800 2974 in
857 2944 949 2990 quo
1004 2928 1108 2978 diu.
1160 2936 1264 2974 nat.
1314 2928 1398 2992 aff
1446 2928 1690 2974 inhabile!

529 3008 749 3070 clzgvantae]
823 3008 879 3054 In
929 3024 957 3056 a
995 3008 1238 3070 fragment
1276 3008 1333 3054 os
1372 3008 1448 3054 his
1489 3010 1684 3056 [remise

531 3108 595 3138 on
645 3092 727 3138 the
773 3092 1094 3138 Incarnation
1146 3092 1354 3152 (Migne‚
1408 3104 1518 3154 971,
1564 3094 1682 3152 sq),

531 3174 625 3222 Th.
667 3180 827 3220 enters
863 3184 911 3220 at
949 3172 1121 3236 length
1170 3174 1274 3220 into
1312 3174 1392 3220 the
1428 3182 1598 3220 nature
1636 3174 1692 3220 os

531 3252 613 3298 the
673 3252 855 3298 Divine
913 3252 1242 3298 inlial,³itati‹,›n
1302 3252 1350 3298 in
1410 3254 1490 3300 the
1548 3254 1686 3300 immo

527 3342 783 3396 sumplus.
855 3334 925 3388 (1)
972 3336 1054 3380 He
1082 3334 1434 3394 ‹listinguishcs
1462 3334 1542 3380 the
1568 3336 1682 3380 ἐνοί-

531 3434 663 3474 κησις
709 3416 765 3464 of
805 3418 917 3462 (jod
963 3418 1086 3462 from
1140 3418 1234 3462 llis
1276 3416 1684 3478 [unniljircscnce;

531 3496 613 3542 the
671 3496 815 3542 latter
872 3496 911 3540 is
969 3494 1106 3554 οὐσίᾳ
1164 3496 1240 3540 καὶ
1302 3496 1528 3554 ἐνεργεῐᾳ,
1602 3496 1684 3542 [hc

529 3578 727 3632 fau-mer,
777 3580 959 3634 eudoxio
1014 3580 1140 3638 (οὔτε
1186 3580 1322 3636 οὐσίᾳ.
1370 3580 1530 3636 λέγειν
1578 3584 1686 3626 οὔτε

529 3658 621 3716 μὴν
669 3660 879 3718 ἐνεργείᾳ
925 3660 1022 3706 οἶόν
1070 3677 1122 3704 τε
1170 3660 1408 3704 ποιεῖσθαι
1460 3662 1540 3706 τὸν
1582 3662 1686 3706 (θεὸν

531 3742 615 3796 τὴν
641 3740 889 3796 ἐνοίκησιν.
965 3742 1012 3786 τί
1042 3742 1120 3786 οὖν
1152 3742 1242 3800 ἄρα
1274 3742 1584 3788 ὑπολείπεται
1604 3758 1676 3796 3...

531 3824 675 3878 δῆλον
713 3822 791 3868 οὖν
829 3822 886 3870 ὡς
925 3822 1106 3880 eufimia
1150 3824 1310 3880 λέγειν
1342 3824 1562 3880 ’γίνεσθαι
1596 3824 1682 3880 τὴν

531 3904 763 3961 ἐνοίκησιν
809 3900 1074 3963 προσήκει).
1156 3902 1268 3949 (lod
1318 3904 1466 3965 being
1526 3904 1682 3951 uncis-

529 3987 841 4037 cumsclibetl
899 3987 947 4033 in
1008 4003 1204 4033 csscnce
1268 3987 1366 4033 ancl
1426 3987 1682 4047 operation

531 4071 771 4133 pervades
797 4069 879 4115 the
903 4069 1160 4123 universam
1200 4067 1294 4113 llis
1314 4069 1680 4129 cmnplacency,

529 4153 775 4209 however,
829 4153 867 4197 is
915 4159 1000 4197 not
1046 4151 1290 4195 universal
1341 4151 1552 4207 (ἄπειρος
1596 4151 1682 4205 μὲν

529 4239 627 4295 ’γὰρ
667 4232 729 4279 ὢν
769 4235 847 4279 καί
891 4235 1218 4292 ἁπερὶγραφος
1256 4233 1343 4287 τὴν
1384 4235 1524 4287 φύσιν
1566 4229 1678 4289 πείρ-

531 4337 661 4365 εστιν
717 4321 812 4363 τοῖς
867 4317 1032 4363 πᾶσιν*
1122 4313 1184 4373 τῇ
1230 4317 1278 4361 δὲ
1334 4315 1536 4371 εὐδοκὶᾳ,
1592 4315 1684 4359 τῶν

531 4405 615 4455 μὲν
649 4403 780 4447 ἔστιν
809 4401 1006 4459 μακράν,
1034 4401 1128 4445 τῶν
1162 4399 1211 4445 δὲ
1244 4399 1424 4457 ἐγγύς).
1504 4395 1566 4457 (2)
1600 4399 1682 4445 lle

529 4480 715 4529 further
761 4481 1110 4541 distinguishes
1158 4481 1380 4527 between
1434 4479 1516 4525 the
1568 4479 1679 4523 ἐνοί-

2001 2477 2031 2526 3
2067 2477 2196 2526 quae
2223 2461 2269 2510 C
2273 2459 2373 2509 *H
2600 2473 2633 2526 9
2665 2467 2858 2510 ceteros
2879 2460 2948 2509 H

1784 2698 1918 2739 κησις
1954 2682 2005 2731 in
2044 2682 2129 2732 the
2165 2683 2290 2731 Man
2326 2681 2496 2731 Christ
2529 2681 2692 2745 JesuS,
2741 2681 2843 2731 and
2885 2680 2941 2731 in

1784 2758 1870 2806 the
1928 2759 2148 2808 Church.
2234 2759 2296 2807 Iu
2351 2758 2475 2807 both
2529 2774 2669 2809 cases
2723 2758 2809 2808 the
2863 2757 2938 2807 in·

1786 2840 2022 2904 dwelling
2058 2841 2101 2891 is
2138 2841 2350 2901 εὐδοκίας
2387 2840 2438 2889 in
2464 2839 2611 2905 Jesus
2640 2841 2789 2892 alone
2819 2842 2940 2893 God

1784 2922 1936 2970 dwelt
1985 2922 2047 2972 ὡς
2092 2919 2144 2970 ἐν
2193 2919 2293 2981 υἱῷ,
2352 2920 2459 2977 i.e.‚
2514 2918 2640 2969 ὥστε
2691 2920 2940 2981 ἐνοικῆσαι

1784 3002 1894 3050 ὅλον
1922 3004 2012 3060 μὲν
2041 3000 2198 3062 ἐαυτῷ
2228 3003 2313 3051 τὸν
2346 3004 2712 3065 λαμβανόμενον
2739 3003 2938 3065 ἥνωσεν,

1784 3082 2145 3144 παρεσκεύασεν
2170 3085 2222 3133 δὲ
2244 3080 2390 3131 αὐτὸν
2417 3087 2778 3147 συμμετασχεῖν
2806 3086 2943 3147 αὐτῷ’

1786 3168 1946 3223 πάσης
1972 3163 2059 3226 τῆς
2088 3166 2230 3226 τιμῆς
2265 3164 2323 3227 ἧς
2361 3164 2504 3217 αὐτὸς
2543 3166 2571 3217 ὀ
2609 3170 2801 3218 {menan
2844 3167 2941 3221 ulcis

1782 3246 1842 3292 ὢν
1888 3246 2030 3306 φύσει
2073 3250 2281 3309 μετέχει.
2356 3249 2417 3298 In
2463 3249 2548 3299 the
2593 3252 2842 3301 members
2886 3252 2946 3302 of

1786 3328 1952 3375 Chn'st
1998 3328 2083 3376 the
2134 3328 2321 3377 Divine
2363 3329 2599 3388 ἐνοίκησις
2641 3328 2683 3379 is
2727 3330 2938 3379 effeeted

1784 3411 1996 3474 through
2022 3411 2150 3460 their
2172 3413 2324 3460 union
2343 3412 2465 3461 with
2488 3412 2574 3463 the
2596 3413 2736 3462 homo
2756 3421 2938 3477 πωσφ-

1782 3500 1874 3540 lns.
1926 3496 2009 3542 On
2032 3494 2116 3543 the
2132 3494 2450 3559 Christology
2468 3494 2525 3543 os
2545 3494 2642 3544 this
2665 3495 2938 3559 important

1782 3590 2006 3638 passage,
2055 3591 2137 3625 see
2193 3576 2407 3636 Dorner,
2457 3588 2518 3626 11.
2569 3576 2604 3626 i.
2651 3592 2701 3641 p.
2751 3591 2813 3642 39
2855 3594 2932 3643 sq.

1786 3660 1862 3718 (E.
1898 3656 1997 3718 ⁶11).

1856 3758 1872 3788 ι
1886 3762 1926 3800 4·
2015 3749 2164 3805 super
2213 3758 2406 3791 omnem
2460 3741 2721 3804 ecclesiam]
2839 3743 2939 3795 See

1782 3822 1940 3872 above
1973 3840 2023 3887 p.
2055 3839 2161 3887 139,
2194 3823 2228 3871 l.
2254 3845 2300 3888 4,
2330 3832 2463 3873 note.
2528 3825 2641 3889 Just
2675 3825 2838 3874 below
2864 3824 2936 3890 (p.

1790 3918 1806 3951 1
1818 3922 1894 3967 43,
1916 3904 1948 3953 l.
1964 3906 2011 3964 α)
2029 3904 2112 3954 the
2127 3905 2390 3955 translator
2404 3905 2446 3954 is
2462 3905 2740 3969 compelled
2758 3913 2810 3955 to
2823 3906 2939 3970 give

1784 4005 1848 4049 up
1876 3989 1970 4035 this
1993 4003 2257 4037 erroneous
2279 3987 2486 4036 version.
2549 3988 2649 4036 Th.
2674 3988 2940 4052 interprets

1782 4069 1900 4129 ὑπὲρ
1936 4066 2103 4116 πάντα
2138 4083 2193 4116 as
2210 4088 2255 4109 =
2271 4066 2491 4126 μάλιστα
2521 4066 2729 4129 πάντων,
2756 4085 2787 4117 a
2809 4070 2940 4120 view

1782 4153 1830 4195 in
1878 4149 2056 4208 which,
2111 4149 2136 4196 Ι
2183 4148 2393 4209 believe,
2442 4148 2508 4198 he
2552 4149 2725 4198 stands
2768 4150 2930 4201 alone.

1784 4233 1904 4279 Oec-
1944 4231 2286 4282 summarizes:
2326 4231 2360 4291 ἢ
2395 4230 2515 4295 ὑπὲρ
2551 4234 2940 4295 ἀγγέλους...τὸν

1784 4315 1878 4359 υἱὸν
1934 4313 2106 4361 ἔδωκεν
2151 4312 2388 4373 κεφαλήν.
2454 4310 2489 4373 ἢ
2531 4315 2617 4362 τὸν
2658 4314 2773 4363 ὅπα
2817 4312 2940 4377 ὑπὲρ

1782 4395 1960 4441 πάντα·
2011 4392 2042 4452 ἥ
2090 4391 2212 4455 ὑπὲρ
2259 4392 2420 4444 πάντα
2472 4392 2537 4443 τὰ
2583 4393 2748 4458 ἀγαθὰ
2792 4397 2938 4448 τοῦτο

1782 4477 2058 4533 πεποὶηκεν.
