3293 5233
331 421 381 485 1·
412 437 472 499 4
510 419 590 505 5·]

1077 432 1180 511 ,IN
1230 434 1333 483 ΕΡ.
1379 433 1481 483 AD
1530 432 1900 483 EPHESIOS.

2626 435 2745 500 123

328 626 448 688 per
499 606 791 670 eundem
841 605 1261 669 occasionem
1314 606 1696 688 accepimus
1753 613 2093 669 tantorum
2154 605 2486 670 bonorum
2548 603 2746 688 potiri

329 708 778 773 donationem.
869 709 1144 771 euidens
1197 719 1300 774 est
1347 710 1667 791 quoniam
1714 709 1926 771 sancti
1956 719 2021 773 et
2064 709 2483 785 immaculati,
2517 707 2748 791 quales

333 810 576 876 Paulus
607 813 785 887 dicit,
819 810 886 874 in
921 810 1141 875 futuro
1173 810 1439 875 saeculo
1471 833 1589 894 per
1620 797 2147 894 inoperationem
2172 814 2459 896 Spiritus
2483 815 2746 879 erimus,

330 916 474 979 dixi
522 935 810 996 namque
851 925 921 979 et
959 915 1025 977 in
1059 914 1341 997 epistola
1374 913 1781 991 Galatarum,
1813 913 2183 998 †quoniam
2215 918 2300 980 de
2330 918 2566 980 futuris
2599 937 2748 980 mos

332 1027 435 1080 est
475 1015 569 1079 illi
616 1037 695 1080 ea
735 1036 912 1098 quae
957 1017 1326 1080 secundum
1370 1016 1707 1081 Christum
1750 1028 1905 1080 sunt
1935 1018 2388 1101 comprobare,
2435 1039 2516 1082 eo
2564 1018 2745 1101 quod
2821 1033 2852 1099 5

331 1128 399 1183 et
441 1129 602 1183 tunc
653 1122 718 1184 in
774 1119 934 1202 ipsis
987 1119 1183 1182 rebus
1225 1120 1620 1183 donationes
1667 1120 2193 1202 perspicientur;
2237 1142 2414 1186 nunc
2458 1122 2635 1185 enim
2679 1123 2746 1184 in

333 1218 771 1306 promissione
802 1243 1029 1287 eorum
1065 1243 1292 1286 sumus
1324 1232 1588 1285 tantum
1621 1244 1741 1305 per
1772 1222 2035 1289 fidem.*

463 1325 707 1389 deinde
739 1334 806 1389 et
836 1325 1017 1407 quod
1050 1325 1264 1387 maius
1295 1334 1397 1387 est
1427 1325 1682 1388 aditur:

463 1489 533 1553 in
562 1490 833 1553 caritate
858 1489 1342 1571 praeordinans
1371 1510 1485 1552 nos
1514 1489 1585 1553 in
1602 1489 1911 1573 filiorum
1941 1491 2339 1573 adoptionem
2368 1503 2494 1574 per
2530 1492 2749 1556 Iesum

340 1588 670 1655 Christum
704 1592 774 1654 in
807 1591 1032 1673 ipsum.

465 1741 621 1785 nam
674 1725 853 1804 quod
908 1725 1088 1799 dicit,
1154 1722 1224 1787 in
1275 1722 1548 1787 caritate
1599 1724 2104 1805 praeordinatos
2154 1744 2276 1786 nos
2335 1723 2407 1787 in
2439 1723 2749 1807 filiorum

332 1824 747 1906 adoptionem,
793 1824 1166 1909 †maiorem
1215 1828 1542 1891 dictorum
1586 1827 1882 1890 ostendit
1927 1846 2071 1889 esse
2123 1826 2436 1891 affectum
2491 1827 2750 1890 duabus

333 1953 421 1994 ex
455 1934 770 2014 partibuS.
825 1952 981 1994 nam
1015 1932 1256 1994 caritas
1288 1930 1770 2013 praeelectione
1802 1929 1905 1992 uel
1940 1931 2519 2011 praeordinatione
2541 1930 2753 1992 maior

335 2031 494 2097 est*
585 2033 820 2096 electio
850 2043 1072 2115 potest
1103 2034 1305 2095 etiam
1338 2032 1732 2095 liberalitate
1763 2033 2053 2113 quadam
2087 2030 2225 2094 fieri
2255 2052 2271 2107 ;
2318 2032 2558 2094 caritas
2591 2051 2751 2093 uero

337 2136 607 2199 insitum
658 2135 968 2199 affectum
1013 2136 1321 2209 ostendit,
1355 2156 1443 2197 ex
1476 2156 1608 2217 quo
1640 2145 1709 2198 et
1741 2136 2136 2216 magnitudo
2168 2136 2432 2198 uidetur
2464 2133 2749 2198 liberali·
2790 2143 2858 2210 15

339 2239 511 2303 tatis,
597 2236 865 2318 †maius
914 2248 1137 2302 autem
1189 2238 1423 2300 horum
1475 2247 1575 2302 est
1624 2248 1693 2301 et
1747 2238 1906 2301 illud
1961 2241 2140 2321 quod
2184 2236 2397 2303 'dixitz
2445 2238 2753 2322 filiorum

336 2343 748 2424 adoptionem,
783 2343 868 2405 ab
902 2342 1014 2404 illo
1045 2342 1224 2422 quod
1258 2342 1562 2403 dixerat:
1607 2352 1858 2403 sanctos
1886 2352 1949 2405 et
1978 2341 2482 2405 immaculatos*
2572 2342 2751 2404 simi-

469 2581 796 2668 πρόδηλον
827 2581 910 2653 ὥς
941 2581 1071 2648 ἀπὸ
1109 2585 1240 2648 τῶν
1277 2579 1654 2665 μελλόντων
1695 2581 1837 2651 ἔθος
1880 2578 2052 2668 αὐτῷ
2096 2584 2225 2647 τῶν
2254 2578 2419 2646 κατὰ
2465 2579 2757 2669 Χριστὸν

340 2687 671 2751 ποιεῖσθαι
696 2685 813 2763 τὴν
837 2684 1191 2767 ἀπόδειξιν,
1218 2683 1331 2748 ἅτε
1356 2683 1428 2763 δὴ
1458 2682 1605 2748 τότε
1634 2682 2038 2767 φαινομένων
2069 2682 2179 2747 ἐπὶ
2211 2687 2325 2748 τοῦ
2353 2681 2753 2768 πράγματος.

343 2791 454 2854 νῦν
481 2788 609 2873 ’γὰρ
641 2789 708 2852 ἐν
739 2787 1103 2873 ἐπαγγελίᾳ
1131 2786 1327 2868 μένον
1355 2785 1571 2851 αὐτῶν
1601 2785 1799 2865 ἐσμὲν
1830 2785 1933 2849 διὰ
1965 2785 2263 2855 πίστεως.

472 2893 664 2954 τοῦτο
695 2889 1002 2954 ἐπίτασιν
1033 2889 1169 2976 ἔχει
1200 2892 1315 2953 τοῦ
1345 2886 1773 2975 προκειμένου
1804 2886 2082 2975 διχόθεν,
2118 2887 2383 2972 ἐπείπερ
2416 2886 2569 2969 ἡμῖν
2598 2884 2756 2968 ἀγά-

344 3020 439 3073 πη
470 2995 583 3073 τῆς
616 2993 890 3075 ἐκλογῆς
920 2991 1167 3073 μείζων,
1199 2993 1308 3056 καὶ
1339 2989 1414 3055 τὸ
1442 2992 1556 3070 τῆς
1591 2988 1914 3059 υἱοθεσίας
1944 2992 2059 3054 τοῦ
2089 2989 2286 3064 eir-iore
2323 2989 2409 3054 καὶ
2443 2992 2756 3064 ἆΜώΜογε.

443 3171 469 3205 2
506 3153 776 3203 donatione
816 3154 860 3202 C
880 3155 1026 3214 (corr)

349 3237 394 3284 C
415 3236 560 3298 (corr)
743 3250 799 3296 13
833 3234 1075 3284 electione
1105 3235 1246 3284 C*H

345 3319 568 3378 θεόδωρος
592 3318 645 3366 δέ
666 3323 827 3376 φησιν·
854 3319 1107 3378 πρόδηλον,
1134 3334 1176 3364 κ.
1186 3336 1231 3364 τ.
1244 3319 1290 3368 λ.

347 3402 576 3459 θεόδωρος
599 3401 650 3448 δέ
674 3406 839 3459 φησιν·
877 3402 1035 3458 τοῦτο,
1066 3418 1106 3447 κ.
1121 3417 1166 3447 τ.
1179 3403 1225 3447 λ.

417 3545 456 3578 1.
519 3537 616 3592 per
635 3528 859 3589 eundem]
896 3531 965 3578 So
995 3529 1197 3592 ChryS.:
1234 3529 1496 3588 τουτέστιν,

348 3613 424 3659 διὸ,
447 3611 659 3673 Χριστοῦ
684 3607 1027 3668 'Immo—thus
1052 3611 1102 3657 in
1127 3626 1358 3658 common
1382 3611 1503 3659 with

344 3693 441 3742 Th.
492 3693 696 3755 missing
746 3693 829 3740 the
875 3700 1015 3741 exact
1073 3693 1256 3754 import
1314 3691 1372 3740 of
1419 3693 1504 3740 the

345 3776 525 3825 crucial
551 3778 600 3823 ἐν
627 3775 837 3835 Χριστῷ.

412 3876 458 3914 4.
530 3857 642 3904 dixi
670 3871 882 3919 namque
916 3863 962 3903 et
1005 3856 1059 3903 in
1101 3864 1171 3918 cp.
1205 3856 1338 3916 Gal]
1409 3857 1503 3904 See

243 3949 247 3953 “
346 3954 396 4002 p.
425 3954 501 4000 51,
536 3937 568 3986 l.
604 3953 662 3998 25
688 3953 761 4001 sq.
829 3938 986 3986 Dixit
1017 3938 1056 3986 is
1090 3937 1272 4000 clearly
1297 3953 1326 3985 a
1354 3953 1502 4002 copy-

346 4018 450 4068 ist's
472 4019 699 4066 blunder.

413 4104 459 4150 8.
528 4101 720 4161 αἰτίων]
780 4101 874 4149 See
900 4117 977 4148 vv.
1004 4100 1058 4149 ll.

412 4199 459 4249 9.
533 4181 589 4229 in
636 4183 839 4229 carimte
877 4180 1265 4244 praeordinans]
1320 4181 1502 4229 Thdt.:

346 4266 426 4313 καὶ
471 4264 684 4324 προεῖδεν
733 4262 857 4320 ἡμᾶς
912 4263 992 4310 καὶ
1049 4261 1320 4323 ἠγάπησεν.
1393 4263 1504 4311 The

348 4342 550 4391 Peshito
595 4339 676 4389 led
714 4340 798 4389 the
839 4356 946 4402 way
982 4346 1034 4388 to
1074 4340 1171 4388 this
1210 4341 1504 4388 connection

352 4411 499 4520 (αὖ
544 4428 754 4529 ραι-ἱ
807 4450 977 4514 7³³⁵
1034 4422 1498 4516 ἀπομι-ιο).

351 4527 541 4586 Origen
587 4523 827 4584 (Cramer,
868 4523 930 4572 vi.
975 4521 1082 4584 107)
1115 4524 1252 4584 gives
1284 4522 1319 4569 it
1355 4538 1407 4569 as
1442 4537 1504 4569 an

1230 3169 1257 3215 3
1292 3152 1416 3202 dixit
1458 3154 1502 3202 C
1500 3153 1566 3201 H

1771 3165 1796 3214 7
1835 3152 2209 3215 promissionem
2246 3153 2311 3200 H
2497 3153 2527 3200 8
2562 3153 2761 3201 additur

1446 3236 1500 3283 18
1526 3251 1598 3299 sq.
1642 3234 1798 3282 Coisl.
1828 3248 1940 3296 204,
1966 3234 1997 3282 f.
2030 3248 2091 3294 50
2114 3251 2143 3282 a
2167 3234 2271 3295 [Cr.
2303 3235 2369 3282 vi.
2401 3249 2505 3295 105,
2533 3235 2618 3281 Fr.
2649 3234 2759 3296 13¹]

1440 3335 1494 3368 αι
1525 3334 1597 3382 sq.
1631 3317 1784 3367 Coisl.
1813 3333 1923 3379 204,
1953 3317 1987 3365 s.
2015 3333 2078 3380 50
2100 3320 2135 3367 b
2161 3320 2267 3380 [Cr.
2294 3320 2356 3368 vi.
2396 3317 2500 3376 106,
2532 3319 2616 3367 Fr.
2651 3319 2765 3381 131]

1593 3532 1920 3583 alternative:
1958 3533 2067 3592 ἤτοι
2103 3536 2159 3583 τὸ
2197 3535 2254 3583 ἐν
2289 3535 2492 3596 ἀγάπῃ
2531 3535 2600 3594 τῷ
2633 3552 2759 3595 προ·

1606 3617 1805 3676 ορίσας
1830 3617 2114 3664 συνακτέον
2198 3616 2248 3675 ἥ·
2274 3617 2582 3676 ἐξελέξατο
2616 3614 2763 3675 ἡμᾶς

1607 3697 1667 3744 ἐν
1712 3695 1866 3756 αὐτῷ
1907 3698 1965 3743 ἐν
2006 3694 2227 3756 ἀγάπῃ.

1679 3809 1750 3855 13.
1812 3794 2152 3856 praeclccltone
2183 3794 2266 3841 1th
2284 3795 2538 3857 pracord]
2624 3797 2764 3853 ετῆς

1605 3877 1811 3937 ἐκλογῆς
1846 3876 2054 3939 simply;
2103 3893 2183 3924 see
2215 3877 2388 3933 above,
2430 3893 2479 3938 p.
2518 3889 2562 3937 5,
2604 3878 2633 3924 l.
2685 3875 2756 3935 16,

1606 3966 1736 4005 note.
1812 3957 1913 4004 For
1958 3956 2042 4005 the
2093 3956 2246 4004 forms
2295 3958 2582 4017 praeelectio,
2618 3963 2762 4018 proe-

1604 4040 1867 4098 ordinatio,
1900 4039 1962 4088 οἵ.
1992 4039 2230 4096 Paucker,
2264 4040 2377 4100 spic.
2408 4039 2519 4085 add.
2548 4039 2641 4085 lex.
2674 4039 2757 4087 lat.

1606 4135 1655 4183 p.
1688 4123 1795 4178 278.

1679 4211 1752 4260 15.
1819 4216 1879 4246 cx
1904 4215 2000 4261 quo
2024 4207 2069 4246 ct
2091 4214 2282 4260 magn„
2307 4197 2420 4257 δια]
2490 4196 2761 4246 Lansranc:

1610 4280 1962 4327 “Ambrosius.
2056 4278 2146 4326 ‘In
2214 4277 2480 4336 caritate-3⁹
2543 4294 2603 4326 ex
2669 4277 2765 4326 hoc

1605 4358 1898 4420 magnitudo
1922 4359 2195 4406 ostenditur
2221 4356 2577 4406 liberalitatis.”

1682 4439 1753 4488 16.
1825 4440 2112 4488 maius-...ob
2137 4439 2243 4497 illo]
2281 4439 2503 4496 Riinsch,
2534 4439 2684 4494 Itala,
2710 4455 2757 4502 p.

1610 4533 1720 4579 452.
1804 4518 2048 4567 Lansranc
2096 4517 2383 4580 siinplisics:
2446 4521 2649 4569 “maius
2695 4529 2766 4568 est

2786 1604 2864 1650 10

2785 2802 2870 2850 20
