3293 5233
1095 463 1178 514 IN
1229 464 1333 514 ΕΡ.
1380 464 1482 514 AD
1530 462 1904 514 EPHESIOS.
2586 461 2700 528 115

419 638 632 720 †illud
666 648 890 703 autem
923 640 1119 703 ualde
1150 639 1587 703 demiratione
1631 639 1911 720 dignum
1959 639 2120 702 mihi
2166 640 2410 704 accidit
2452 639 2538 702 de
2583 638 2710 702 illis

293 743 405 825 qui
446 741 804 806 dixerunt*
846 741 1116 805 beatum
1163 741 1440 805 Paulum
1482 752 1753 824 propter
1788 741 1915 807 hoc
1959 741 2065 805 uel
2105 744 2401 806 maxime
2442 742 2713 806 laudare

295 844 735 928 Ephesiorum
800 845 1019 921 fidem,
1073 854 1146 909 ut
1204 846 1517 910 ostendat
1589 845 2160 927 quemadmodum
2235 846 2482 927 recepit
2549 845 2713 927 dog-

299 959 552 1013 matum
614 949 873 1012 illorum
937 948 1362 1012 traditionem
1422 968 1594 1030 quae
1646 948 1734 1011 ab
1796 947 2098 1011 Iohanne
2156 947 2566 1031 euangelista
2625 949 2709 1012 ad

295 1076 409 1119 eos
457 1054 711 1117 dudum
763 1051 975 1115 suerat
1025 1050 1215 1115 sacta.
1306 1052 1617 1115 uidentur
1665 1053 1841 1114 enim
1892 1051 2051 1115 illud
2106 1052 2359 1116 dixisse
2412 1050 2714 1114 absolute
2786 1060 2817 1126 5

295 1179 384 1221 ex
447 1154 590 1220 sola
666 1156 1061 1229 coniectura,
1137 1174 1218 1216 eo
1276 1154 1457 1235 quod
1517 1164 1584 1217 et
1646 1153 1848 1217 fuisse
1920 1155 2179 1218 dicatur
2238 1155 2324 1217 ad
2387 1154 2715 1237 Ephesios

297 1259 720 1324 beatissimus
786 1256 1139 1332 IohanneS,
1199 1257 1665 1319 existimantes
1729 1255 1962 1339 †quod
2037 1266 2104 1320 et
2180 1258 2355 1320 idem
2417 1257 2548 1320 illis
2619 1259 2717 1322 in·

299 1361 530 1443 primis
583 1359 784 1422 fidem
840 1378 988 1421 eam
1044 1378 1217 1439 quae
1267 1359 1333 1421 in
1389 1356 1729 1421 Christum
1778 1368 1880 1421 est
1939 1359 2302 1434 tradiderit,
2355 1378 2487 1420 non
2560 1379 2717 1421 con-

298 1463 664 1526 siderantes
717 1461 1034 1543 quoniam
1091 1459 1424 1522 Iohannes
1471 1460 1538 1522 in
1585 1460 1965 1523 nouissimis
2008 1461 2420 1543 temporibus
2468 1461 2718 1543 Ephesi

301 1564 614 1639 accessit;
674 1563 849 1625 uixit
901 1562 1077 1623 enim
1134 1581 1342 1642 usque
1395 1562 1480 1623 ad
1536 1570 1839 1643 tempora
1890 1562 2160 1625 Traiani
2215 1562 2628 1643 imperatoris
2681 1582 2721 1626 a
2753 1582 2832 1630 10

302 1665 716 1747 temporibus
751 1664 1036 1726 Neronis
1069 1663 1408 1745 incipiens,
1498 1683 1538 1725 a
1575 1684 1710 1746 quo
1750 1664 2015 1727 Nerone
2064 1663 2306 1727 Paulus
2338 1664 2425 1728 ob
2455 1665 2722 1747 pietatis

301 1769 864 1853 praedicationem
919 1765 1273 1848 capitalem
1330 1766 1593 1830 uidetur
1637 1767 1917 1829 subiisse
1977 1769 2397 1840 sententiam,
2451 1769 2724 1850 quando

305 1873 586 1953 contigit
632 1882 699 1934 et
749 1870 1097 1933 Iudarcum
1140 1868 1388 1932 bellum
1446 1871 1809 1951 sumpsisse
1853 1872 2266 1953 principium.
2353 1871 2481 1934 hoc
2526 1872 2726 1953 igitur

307 1974 484 2040 bello
544 1993 776 2037 omnes
852 1972 1138 2054 apostoli
1215 1993 1254 2035 a
1331 1971 1583 2035 Iudaea
1657 1973 2138 2050 discesserunt;
2219 1976 2400 2056 quod
2475 1975 2725 2039 bellum

441 2183 723 2265 ἐπῆλθὲν
761 2210 872 2265 μοι
912 2181 1178 2270 σφόδρα
1218 2182 1561 2265 θαυμάζειν
1592 2184 1803 2249 ἐκεῖνα
1850 2187 1980 2249 τῶν
2009 2184 2355 2271 εἰρηκότων
2383 2184 2495 2252 τὸν
2521 2185 2729 2268 μακά·
2763 2205 2832 2272 15

311 2314 451 2373 ριον
501 2286 809 2365 Ἰωάννην
859 2285 971 2352 τὸν
1019 2283 1500 2369 εὖαγγελιστὴν
1545 2288 1809 2370 πρῶτον
1837 2290 1969 2354 τοῖς
1997 2285 2331 2373 Ἐφεσίοις
2358 2287 2728 2375 παραδεδω-

315 2390 496 2455 κέναι
525 2389 635 2456 τὸν
663 2393 776 2469 τῆς
807 2389 1145 2468 εὐσεβείας
1174 2388 1393 2470 λόγον·
1424 2388 1540 2454 οὐκ
1574 2391 1915 2471 ἐνενόησαν
1942 2391 2068 2477 γάρ
2111 2390 2194 2462 ὦς
2239 2390 2539 2474 Ἰωάννης
2581 2392 2731 2462 τούς

237 2499 244 2508 “
317 2493 624 2578 ὑστέρους
680 2492 948 2580 χρόνους
1007 2490 1167 2578 παρ’
1211 2491 1541 2578 Ἐφεσίοις
1586 2491 1854 2572 ἐγένετο,
1904 2492 2342 2576 διαγενόμενος
2386 2492 2550 2584 ἄχρι
2594 2490 2727 2560 τῶν

316 2599 634 2682 Τραϊανοῦ
672 2600 787 2663 τοῦ
825 2593 1162 2674 βασιλέως
1207 2598 1461 2680 καιρῶν,
1507 2592 1638 2660 άπὸ
1681 2598 1809 2662 τῶν
1856 2595 2155 2682 Νέρωνος
2199 2595 2568 2681 ἀρξάμενος,
2617 2596 2727 2684 ἀφ’

318 2699 393 2765 οὗ
441 2703 706 2768 Παῦλος
753 2697 1096 2781 ἀπετμήθη
1140 2697 1258 2778 τὴν
1298 2698 1590 2785 κεφαλὴν
1619 2699 1728 2763 καὶ
1762 2698 1794 2762 ὁ
1825 2697 2175 2769 Ἰουδαῖκὸς
2203 2698 2493 2782 πόλεμος
2524 2699 2733 2789 ἀρχὴν
2763 2723 2846 2771 20

320 2802 595 2885 ἐδέξατο.
685 2801 795 2866 ἐπὶ
827 2803 1056 2865 τούτου
1082 2799 1208 2886 «γὰρ
1240 2799 1315 2881 δὴ
1347 2805 1463 2866 τοῦ
1504 2800 1801 2884 πολέμου
1843 2798 2099 2871 πάντας
2144 2801 2263 2885 μὲν
2304 2801 2734 2891 ἀναχωρῆσαι

422 2979 447 3026 5
484 2963 682 3013 uidetur
704 2963 770 3011 H
960 2977 1016 3010 12
1054 2962 1421 3026 praedicatione
1459 2963 1525 3011 H
1547 2961 1554 3026 1
1583 2963 1772 3012 subisse
1806 2963 1874 3011 H

2066 2977 2121 3024 15
2146 2979 2220 3028 sq.
2258 2964 2413 3013 Coisl.
2453 2981 2562 3029 204,
2604 2965 2638 3013 f.
2676 2981 2738 3030 47

318 3047 354 3095 b
378 3047 485 3107 [Cr.
514 3045 578 3093 vi.
617 3058 695 3108 97,
728 3045 811 3092 Fr.
837 3044 947 3106 130]
985 3045 1212 3105 θεόδωρος
1246 3045 1298 3091 δέ
1333 3051 1499 3104 φησιν·
1525 3045 1750 3104 ἐπῆλθεν,
1780 3062 1881 3093 κ.τ.
1893 3046 1941 3092 λ.

319 3128 388 3190 by
414 3127 494 3176 Fr.
517 3144 531 3185 ;
577 3126 710 3183 cod„
742 3126 847 3184 Cr„
875 3141 929 3173 as
953 3125 1003 3173 in
1028 3133 1148 3174 text.

324 3266 427 3306 two
449 3255 682 3320 Epistles,
705 3255 825 3319 kept
842 3254 1074 3304 distinct.'
1118 3254 1486 3317 Comprobantes

324 3355 486 3390 seems
510 3347 563 3386 to
586 3344 837 3400 represent
861 3337 967 3384 τοὺς
989 3334 1078 3395 τήν
1110 3335 1351 3392 ἀπόδειξιν
1381 3351 1484 3382 ποι-

324 3422 554 3481 ουμένους
579 3418 646 3479 (--·
661 3419 748 3482 qui
770 3419 1099 3481 comprobare
1124 3419 1369 3480 possunt).

397 3522 439 3555 1.
506 3505 565 3553 de
585 3505 687 3551 illis
715 3503 806 3566 qui
836 3502 1088 3560 darer-unt,
1129 3501 1242 3561 δια]
1291 3500 1485 3550 Severi-

325 3603 464 3647 anuS,
496 3588 545 3635 in
579 3586 664 3635 the
691 3586 867 3649 fragm.
891 3584 1092 3648 already
1116 3585 1246 3633 cited
1270 3585 1340 3647 (p.
1374 3599 1392 3631 1
1409 3598 1481 3642 η,

328 3671 362 3719 1.
390 3684 435 3728 α,
463 3667 619 3730 note),
639 3669 903 3716 maintains
928 3667 1023 3716 this
1048 3667 1201 3715 view:
1226 3669 1325 3715 τοῖς
1343 3663 1486 3725 Ἐφε-

329 3755 445 3800 σίοις
468 3749 722 3813 [ἔ-γραφεν]
743 3747 961 3797 Ἰωάννου
977 3749 1311 3811 προλαβόντος
1331 3751 1409 3796 καὶ
1431 3748 1488 3797 τὸ

330 3834 553 3894 κήρυγμα
609 3831 768 3878 αὐτοῖς
813 3830 1258 3888 καταβαλλομένου.
1325 3828 1481 3877 Thdt.

332 3913 447 3962 thus
484 3913 708 3973 disposes
748 3910 870 3958 both
912 3910 969 3958 of
1010 3912 1180 3959 Sever.
1219 3910 1317 3958 and
1358 3909 1486 3959 Th.:

330 3994 452 4039 τινὲς
485 3992 581 4036 τῶν
607 3990 1063 4050 προηρμηνευκότων
1094 3992 1179 4038 τὸν
1210 3990 1334 4035 θεῖον
1369 3990 1488 4037 ἀπό-

334 4074 509 4121 στολον
536 4072 728 4129 ἔφασαν
750 4071 834 4117 τὸν
859 4073 1113 4118 θεσπέσιον
1143 4068 1373 4128 Ἰωάννην
1408 4071 1492 4117 τὸν

335 4151 693 4210 εὐαγγελιστὴν
737 4151 928 4208 πρῶτον
978 4151 1361 4210 παραδεδωκέναι
1395 4150 1492 4196 τοῖς

329 4228 574 4291 Ἐφεσίοις
617 4233 673 4279 τὸ
718 4232 956 4291 σωτήριον
999 4234 1245 4292 κήρυγμα·
1278 4232 1402 4278 τινὲς
1441 4231 1492 4278 δὲ

336 4313 513 4363 ἄλλους
547 4315 676 4362 τινὰς
711 4315 957 4373 εἰρήκασιν
991 4317 1134 4361 τοῦτο
1165 4316 1491 4372 πεποιηκέναι,

336 4399 420 4445 τὸν
475 4399 524 4445 δέ
582 4397 830 4443 θειότατον
884 4397 1079 4443 Παῦλον
1131 4397 1333 4455 μηδέπω
1386 4398 1495 4445 τοὺς

332 4472 586 4535 Ἐφεσίους
622 4478 905 4535 τεθεαμένον
935 4479 1074 4536 τήνδε
1109 4482 1197 4536 τὴν
1232 4480 1497 4536 ἐπιστολὴν

340 4561 455 4620 πρὸς
485 4561 653 4608 αὐτοὺς
683 4561 999 4621 γεγραφέναι.
1069 4559 1180 4608 ἀλλ’
1207 4557 1237 4616 ἡ
1261 4558 1356 4605 τῶν
1377 4561 1494 4608 ἀπο·

2140 3060 2199 3109 19
2232 3046 2311 3106 ἐφ’
2335 3044 2391 3095 οὗ
2414 3047 2454 3097 is
2476 3049 2740 3112 suggested

1585 3256 1824 3303 στολικῶν
1877 3253 2092 3316 πράξεων
2147 3257 2331 3318 ἱστορία
2385 3261 2565 3308 τούτων
2619 3260 2743 3321 ἡμᾶς

1586 3339 1832 3398 οὐδέτερον
1855 3338 2084 3388 διδάσκει.

1654 3435 1698 3485 9.
1773 3419 1983 3482 Ephesi]
2007 3441 2051 3461 =
2076 3418 2189 3482 παρ’
2234 3420 2494 3483 Ἐφεσίοις,
2546 3427 2610 3474 είς
2654 3427 2745 3485 τὴν

1574 3497 1790 3560 Ἔφεσον
1814 3503 1882 3563 (ρ.
1913 3500 2041 3560 116),
2070 3503 2121 3549 έν
2140 3500 2334 3564 Ἐφέσῳ
2359 3505 2428 3569 (p.
2458 3508 2586 3569 118).

1661 3597 1734 3630 10.
1802 3582 1939 3629 uixit
1969 3583 2116 3637 enim,
2158 3582 2278 3647 δια]
2349 3586 2381 3634 i.
2398 3602 2441 3635 e.
2483 3587 2533 3636 S.
2567 3586 2745 3651 John's

1587 3664 1673 3713 life
1709 3671 1758 3712 at
1807 3664 2034 3726 Ephesus
2081 3662 2355 3730 (including
2393 3668 2478 3717 the
2522 3672 2649 3719 exile
2693 3679 2747 3720 to

1589 3743 1811 3806 Patmos)
1855 3745 2012 3793 lasted
2052 3745 2178 3794 from
2214 3759 2264 3796 Α.
2283 3759 2333 3797 D.
2381 3746 2442 3812 67
2484 3766 2542 3798 or
2586 3751 2649 3800 68
2695 3761 2747 3801 to

1589 3829 1674 3877 the
1698 3829 1794 3876 end
1818 3829 1876 3876 of
1893 3829 1976 3877 the
2000 3828 2103 3878 first
2127 3840 2346 3895 century.
2417 3833 2518 3881 For
2542 3834 2627 3883 the
2652 3835 2748 3883 fur·

1590 3909 1700 3957 ther
1724 3909 1849 3956 limit
1883 3926 1964 3957 see
2000 3910 2127 3959 Iren.
2158 3911 2208 3959 ii.
2240 3927 2317 3959 22.
2346 3914 2436 3974 §5‚
2466 3914 2535 3963 iii.
2568 3931 2610 3977 3.
2642 3917 2747 3978 §43

1591 3992 1667 4040 sor
1690 3991 1775 4039 the
1798 3992 1988 4047 earlier,
2016 3992 2197 4040 Euseb.
2217 3994 2289 4041 II.
2306 3996 2373 4041 E.
2400 3996 2449 4044 ii.
2482 3995 2559 4044 26.
2584 3997 2653 4045 iii.
2688 4014 2724 4048 1.

1665 4091 1683 4122 1
1696 4092 1736 4124 2.
1793 4075 2045 4137 capitalem
2066 4077 2167 4125 uid.
2191 4078 2388 4125 subiisse
2404 4079 2551 4139 serm]
2581 4080 2749 4129 “XVas

1591 4153 1851 4202 beheadcd
1869 4153 1922 4201 :'’
1947 4154 2008 4203 cs.
2031 4155 2131 4203 Gk.
2193 4159 2261 4204 So
2286 4158 2470 4205 below:
2500 4161 2748 4224 “contigit

1595 4234 1880 4297 ut...capite
1925 4234 2233 4297 puniretur.‘’
2301 4238 2483 4301 Comp.
2522 4239 2659 4288 Tert.
2696 4240 2755 4288 de

1583 4323 1802 4378 praescr.
1837 4314 1913 4377 36,
1948 4315 2126 4365 Euseb.
2159 4317 2231 4364 H.
2257 4318 2318 4364 E.
2349 4318 2397 4365 ii.
2426 4331 2503 4378 25.

1668 4413 1741 4458 ¹4·
1812 4413 1975 4444 omncs
2009 4406 2086 4458 ap.
2128 4413 2159 4444 a
2196 4399 2311 4445 lud.
2359 4401 2496 4461 αἶσα]
2566 4402 2743 4465 Comp.

1596 4477 1738 4525 Th.’s
1762 4478 2002 4541 prologue
2028 4487 2078 4525 to
2108 4478 2158 4527 S.
2182 4478 2360 4542 John's
2385 4481 2570 4544 Gospel
2605 4482 2752 4544 (cited

1598 4561 1774 4618 above,
1804 4577 1852 4624 p.
1876 4576 1919 4622 3,
1954 4560 1987 4608 l.
2018 4573 2094 4620 25,
2120 4563 2273 4620 note).
2347 4563 2459 4612 The
2494 4566 2756 4628 departure

2415 4665 2581 4724 8—2
