3293 5233
284 376 375 443 11.
408 377 715 465 28—3o.]
1023 391 1108 444 m
1156 393 1260 444 ΕΡ.
1305 391 1408 443 An
1457 389 2002 445 PmmrrssusES.
2579 392 2707 458 229

415 564 765 645 ‘quoniam
828 584 1005 628 nunc
1064 562 1328 628 interim
1398 562 1842 628 necessarium
1903 561 2292 627 existimaui
2355 560 2703 647 Epaphro-

283 667 499 732 ditum
536 669 800 732 mittere
832 666 919 733 ad
961 688 1099 746 u03,
1131 668 1245 750 qui
1276 667 1698 751 cooperarius
1736 687 1925 731 meus
1965 676 2068 732 est
2104 668 2470 732 secundum
2504 688 2705 742 enan,-

281 769 547 852 gelium,
609 768 954 853 apostolus
1013 777 1237 834 autem
1302 779 1522 835 uester
1579 778 1684 835 est
1743 777 1812 834 et
1873 769 2174 833 minister
2234 768 2702 833 necessitatum

285 889 582 934 mearum
603 871 781 935 ’—ut
826 871 1046 935 dicat:
1093 877 1247 955 ‘per
1288 893 1489 955 quem
1538 871 2003 936 transmisistis
2048 871 2178 948 illa,
2222 891 2395 953 quae
2437 872 2503 934 in
2548 891 2704 933 usus

285 990 472 1035 meos
520 992 787 1036 necesse
846 972 1300 1039 habebantur!
1406 975 1651 1039 deinde
1711 982 1779 1037 et
1831 973 2310 1037 commendans
2366 992 2519 1036 eum
2575 971 2704 1035 illis
2776 976 2808 1044 5

285 1075 487 1141 dicit:
535 1077 885 1158 ‘quoniam
935 1086 1004 1140 et
1051 1077 1193 1160 ipse
1246 1077 1673 1141 desiderabat
1726 1097 1847 1139 uos
1899 1085 1967 1140 et
2013 1078 2328 1152 maxime,
2377 1076 2489 1141 illa
2533 1097 2707 1160 quae

285 1177 371 1240 de
431 1178 621 1242 uobis
679 1187 836 1242 sunt
902 1198 1022 1262 per
1095 1181 1429 1243 neminem
1506 1200 1955 1262 cognoscens;
2031 1180 2350 1263 quoniam
2426 1180 2707 1244 audistis

286 1280 572 1343 eundem
617 1267 1084 1345 infirmantem.
1172 1282 1563 1347 tristabatur
1603 1283 1783 1346 enim
1827 1290 2141 1365 reputans
2182 1281 2522 1345 tristitiam
2560 1302 2707 1345 ues-

286 1392 458 1447 tram
518 1382 724 1457 illam,
778 1403 979 1465 quam
1040 1404 1161 1467 pro
1224 1405 1305 1448 eo
1364 1385 1611 1449 habere
1677 1385 2104 1449 uidebamini.
2208 1405 2364 1448 nam
2424 1393 2494 1449 et
2553 1407 2707 1449 uere

289 1485 658 1550 infirmatus
695 1496 817 1565 est,
851 1489 944 1551 ita
985 1499 1057 1552 ut
1097 1497 1165 1552 et
1203 1489 1679 1571 propinquaret
1720 1491 1949 1568 morti;
2004 1490 2316 1553 misertus
2347 1498 2449 1552 est
2480 1498 2702 1553 autem

288 1591 348 1653 ei
383 1591 585 1666 Deus,
621 1593 836 1674 magis
865 1601 1091 1655 autem
1124 1601 1191 1655 et
1225 1592 1385 1655 mihi
1431 1601 1499 1656 et
1541 1593 1652 1669 illi,
1686 1591 1974 1656 liberans
2003 1612 2156 1656 eum
2189 1592 2276 1657 ab
2307 1591 2708 1670 infirmitate,

291 1702 363 1756 ut
419 1714 501 1757 ne
554 1694 1091 1758 circumuallatus
1143 1695 1356 1758 multa
1416 1695 1686 1758 tristitia
1739 1695 2186 1759 adiectionem
2240 1696 2509 1760 alterius
2560 1697 2709 1761 tris-

288 1795 476 1861 titiae
507 1816 596 1859 ex
628 1795 769 1859 eius
798 1779 1190 1859 sustinerem
1224 1795 1480 1861 morte.'
1569 1797 1812 1879 quibus
1845 1805 1913 1860 et
1944 1796 2229 1862 adiecit:

2740 1506 2817 1554 10

401 1931 842 2012 festinantius
882 1952 1033 2014 ergo
1079 1931 1236 1994 misi
1279 1952 1440 2005 eum,
1485 1940 1561 1993 ut
1598 1929 1887 1993 uidentes
1922 1951 2067 1993 eum
2112 1929 2349 1993 iterum
2380 1927 2709 2011 gaudium

287 2030 578 2095 habeatis
626 2032 711 2115 [et
750 2054 861 2115 ego
901 2034 1042 2096 sine
1086 2033 1369 2097 tristitia
1410 2030 1585 2115 sim].
2740 2051 2812 2118 15

421 2152 832 2229 ‘uelocitate,
886 2160 961 2216 ut
1014 2162 1082 2216 et
1142 2173 1263 2215 uos
1318 2152 1624 2215 uidentes
1687 2169 1840 2212 eum
1889 2149 2139 2232 gaudio
2185 2147 2591 2230 repleamini,
2640 2157 2707 2211 et

290 2276 417 2338 ego
447 2256 621 2319 ultra
662 2276 795 2319 non
836 2257 963 2319 sim
1004 2257 1228 2329 tristis,
1260 2256 1475 2318 sciens
1521 2254 1838 2336 quoniam
1877 2252 2332 2328 consolabitur
2372 2273 2494 2316 uos
2532 2252 2708 2315 illius

290 2360 653 2426 aduentus!
743 2359 845 2423 his
877 2379 1037 2442 ergo
1068 2360 1351 2423 adiecit:

417 2495 713 2577 suscipite
754 2516 906 2578 ergo
950 2516 1094 2559 eum
1143 2496 1215 2560 in
1265 2494 1552 2558 Domino
1600 2515 1744 2557 cum
1795 2493 1978 2556 omni
2011 2492 2276 2577 gaudio,
2329 2502 2392 2556 et
2440 2513 2541 2555 eos
2596 2490 2716 2574 qui

288 2596 664 2663 huiusmodi
703 2610 860 2663 sunt
906 2599 977 2663 in
1024 2598 1254 2663 honore
1292 2597 1509 2662 habete
1526 2623 1556 2674 ,·
1602 2598 1907 2680 quoniam
1941 2608 2206 2681 propter
2246 2608 2399 2680 opus
2436 2595 2714 2660 Domini
2736 2603 2822 2652 20

291 2721 486 2782 usque
532 2701 631 2763 ad
670 2712 936 2765 mortem
986 2700 1546 2782 adpropinquauit,
1598 2699 1670 2762 in
1724 2700 2036 2763 incertum
2085 2699 2350 2762 tradens
2393 2698 2710 2775 animam,

292 2815 368 2868 ut
406 2807 692 2886 suppleat
733 2814 1017 2867 uestram
1064 2803 1554 2867 minorationem
1599 2802 1698 2865 ad
1735 2823 1946 2865 meum
1992 2801 2450 2866 ministerium.

1998 2957 2055 3007 16
2089 2958 2309 3007 uelocius
2343 2973 2456 3007 eum
2491 2958 2603 3006 misi
2639 2958 2711 3005 in-

2139 3053 2195 3088 21
2235 3037 2591 3103 propinquauit
2616 3037 2709 3087 H*

395 2976 420 3025 7
456 2963 589 3012 enim
615 2963 712 3026 (oft
731 2963 1000 3019 neminem)
1023 2963 1128 3011 add
1150 2964 1193 3012 C
1216 2963 1278 3011 H
1291 2979 1323 3010 r
1515 2976 1546 3026 9
1580 2967 1630 3009 et
1665 2977 1741 3008 om
1768 2975 1800 3006 r

292 3044 399 3108 quit
425 3044 542 3108 (for
561 3044 844 3106 uelocitate)
876 3046 919 3094 C
939 3041 1086 3105 (corr)
1155 3045 1219 3094 de
1243 3044 1347 3093 eius
1371 3042 1637 3092 uelocitate
1661 3057 1692 3089 r
1717 3043 1726 3097 l
1755 3046 1808 3089 ut
1831 3056 1908 3087 om
1933 3039 2002 3087 H

296 3142 357 3175 22
393 3127 722 3176 inorationem
746 3128 861 3190 (sor
881 3127 1085 3187 minor.)
1110 3128 1176 3176 H

1549 3277 1688 3329 tors;
1720 3269 1893 3329 κυρίου,
1918 3268 2165 3326 however,
2195 3267 2236 3315 is
2259 3266 2402 3329 fairly
2418 3267 2711 3331 supported.

1551 3352 1612 3403 cf.
1655 3350 1847 3400 Tisch.⁸
1879 3351 1950 3397 ad
1977 3349 2028 3396 h.
2051 3349 2103 3409 l.,
2141 3348 2256 3397 who
2293 3348 2528 3407 remarks,
2570 3353 2713 3413 “pro

359 3295 408 3337 4.
472 3281 531 3323 ut
559 3274 690 3324 dicat
728 3275 842 3338 ‘per
881 3290 1022 3338 quem
1067 3270 1450 3332 transneinklis,’

293 3356 409 3417 δια]
467 3356 675 3419 Thpht.:
712 3357 796 3405 τὸν
819 3353 927 3417 παρ’
952 3355 1082 3414 ὑμῶν
1107 3354 1452 3403 ἀποσταλέντα

294 3440 413 3500 πρός
433 3438 759 3501 ,ue—adding,
781 3437 1028 3493 however,
1053 3437 1138 3487 the
1159 3435 1451 3485 alternative

293 3518 475 3579 ἦ...τὸν
496 3520 786 3568 διδάσκαλον
807 3518 950 3578 ὑμῶν.

361 3605 409 3652 8.
487 3601 784 3650 tristabatur
872 3600 1159 3664 infirmatus
1193 3600 1280 3661 est]
1366 3600 1450 3648 On

294 3683 434 3731 these
474 3690 574 3732 two
610 3684 755 3732 verbs
786 3698 868 3731 see
909 3682 1128 3739 Ronsch,
1171 3682 1322 3737 Itala,
1361 3697 1448 3745 pp.

302 3763 407 3828 169,
439 3776 647 3826 370—1.

368 3861 439 3908 14.
492 3845 728 3906 uidentes]
794 3847 1000 3894 ἰδόντας
1043 3844 1211 3909 Vulg.,
1238 3843 1342 3892 uiso
1361 3860 1427 3891 eo.

369 3942 441 3989 15.
502 3933 549 3974 ct
568 3943 661 3987 ego,
686 3925 799 3987 Sco-1
835 3927 1079 3990 VVanting
1098 3926 1147 3973 in
1166 3941 1255 3974 our
1275 3926 1449 3981 MSS.,

296 4009 385 4057 but
410 4015 497 4056 not
522 4008 572 4055 in
597 4007 737 4055 Th.'s
761 4016 894 4065 text;
927 4024 1008 4056 see
1033 4008 1065 4056 l.
1090 4022 1162 4068 17.

367 4103 439 4152 19.
490 4104 563 4135 eos
584 4086 674 4151 qui
692 4087 979 4136 huiusmodi
1007 4087 1149 4147 sunt]
1213 4087 1322 4136 τοὺς
1355 4102 1450 4133 τοι·

297 4170 475 4219 οὐτους.
550 4169 612 4219 Ο.
647 4170 704 4218 L.
730 4170 829 4219 and
860 4169 1027 4233 vulg„
1062 4169 1300 4218 eiusmodi
1334 4167 1450 4216 sim·

296 4249 413 4314 ply;
447 4250 510 4299 cf.
537 4268 584 4315 p.
623 4267 728 4308 101,
756 4251 787 4299 1.
821 4251 893 4311 16,
923 4261 1054 4301 note.

364 4351 442 4385 πο.
538 4343 740 4399 propter
790 4345 909 4399 opus
959 4336 1192 4397 Domini]
1280 4335 1450 4398 Vulg.,

302 4416 525 4476 meruti,-
558 4417 655 4465 and
686 4433 743 4466 so
772 4418 951 4481 Chrys.
977 4417 1238 4479 [txt.—bis
1267 4433 1450 4466 comm.

295 4506 518 4562 suggests
553 4500 682 4560 θεοῦ]
717 4500 815 4549 and
850 4500 936 4549 the
963 4499 1106 4549 other
1129 4499 1227 4549 Gk.
1258 4500 1450 4563 exposi-

1550 3449 1754 3493 χριστου
1785 3430 1900 3492 [xi]
1935 3430 2078 3478 facile
2122 3427 2510 3478 substituebatur
2553 3446 2714 3491 κυριον

1552 3515 1672 3576 [ff]

1619 3611 1698 3645 21.
1767 3595 1824 3643 in
1857 3595 2096 3643 insenum
2130 3591 2350 3653 tradens]
2427 3613 2471 3632 =
2495 3594 2712 3654 παραβο-

1551 3680 1854 3735 λευσάμενος,
1894 3677 2202 3740 apparently.
2292 3674 2388 3722 But
2430 3675 2515 3723 the
2555 3684 2712 3724 trans-

1553 3761 1708 3808 lation
1755 3775 1869 3821 may
1905 3758 1968 3805 be
2013 3758 2111 3806 due
2151 3766 2204 3804 to
2244 3755 2327 3804 the
2373 3755 2615 3805 influeuce
2660 3755 2721 3804 of

1552 3842 1636 3891 the
1686 3842 1832 3890 Latin
1871 3839 2174 3888 authorities,
2259 3838 2371 3887 The
2417 3837 2559 3886 other
2605 3837 2705 3887 Gk.

1551 3923 1826 3985 expositors
1851 3921 1968 3970 read
1992 3921 2265 3981 παραβουλ.

1618 4020 1694 4055 22.
1755 4012 1972 4052 uestram
2011 4001 2405 4063 minorationem]
2490 4002 2586 4051 See
2622 4017 2709 4066 pp.

1558 4102 1631 4152 19,
1659 4088 1691 4137 l.
1728 4102 1798 4144 12,
1832 4095 1982 4145 note3
2019 4100 2097 4149 97,
2139 4086 2172 4134 l.
2220 4098 2294 4145 15.
2328 4092 2460 4133 note.
2536 4083 2706 4149 Vulg.,

1553 4176 1584 4197 “
1604 4170 1654 4217 id
1678 4168 1813 4233 quod
1837 4185 1897 4217 ex
1923 4168 2066 4216 uobis
2088 4164 2310 4215 deerat.’'
2367 4166 2713 4215 Alinistetium

1560 4251 1947 4312 ελειτουργίαςε
1986 4250 2047 4299 cf.
2074 4249 2338 4311 functione
2371 4249 2439 4308 (v.
2483 4249 2575 4310 17).
2650 4249 2713 4297 In

1551 4334 1676 4382 both
1710 4334 1956 4381 instances
1989 4330 2075 4381 the
2111 4330 2258 4394 Vulg.
2301 4330 2391 4379 has
2426 4329 2511 4379 the
2544 4330 2713 4379 inade-

1552 4421 1701 4478 quate
1726 4410 1988 4474 rendering
2012 4410 2302 4474 obsequium.
