3293 5233
325 427 443 495 IV.
472 426 533 506 6,
564 427 651 513 7.]
1158 442 1243 494 m
1292 443 1396 495 ΕΡ.
1443 443 1547 495 An
1591 443 1969 497 Ernnsms,
2616 434 2731 514 165

323 630 476 675 nem
512 612 662 676 Filii
693 613 872 679 dicit.
930 614 1047 679 sed
1073 624 1419 697 tamquam
1450 612 1506 678 si
1531 623 1606 679 ut
1635 616 1853 680 dicat:
1882 620 1899 648 ‘
1917 631 2051 679 non
2083 614 2381 680 diuersos
2410 616 2737 695 dominos,

251 763 262 777 .
322 735 540 797 neque
569 717 867 781 diuersos
896 720 1059 782 deos
1091 739 1236 782 esse
1267 719 1749 784 existimamus.
1840 719 2299 803 inseparabilis
2334 720 2511 809 enim
2557 721 2738 806 apud

324 836 447 881 nos
478 829 580 883 est
609 829 677 883 et
706 821 975 885 deitatis
1007 832 1075 886 et
1105 822 1580 886 dominationis
1611 822 1958 915 consessio.
2048 843 2170 888 nec
2201 824 2379 888 enim
2418 823 2740 890 essentias

322 921 687 986 diuidimus
717 925 1083 989 secundum
1116 944 1465 989 numerum
1497 947 1948 1010 personarum,
1995 927 2114 992 sed
2151 928 2456 993 similiter
2493 928 2739 992 scimus

325 1022 681 1088 adorare.’*
2814 1040 2847 1110 5

454 1155 572 1238 qui
594 1168 786 1239 super
810 1178 1026 1222 omnes
1049 1168 1115 1222 et
1124 1169 1251 1240 per
1275 1158 1496 1224 omnia
1524 1170 1589 1225 et
1614 1161 1688 1224 in
1716 1161 2014 1226 omnibus
2042 1161 2237 1229 nobis.

455 1281 621 1367 †qui
682 1287 991 1350 omnibus
1050 1289 1537 1370 supereminet:
1603 1286 1732 1353 hoc
1794 1291 1971 1354 enim
2031 1290 2193 1354 dicit
2260 1300 2451 1371 super
2509 1311 2740 1356 omnes.

327 1388 482 1470 quia
511 1399 574 1452 et
583 1398 711 1469 per
736 1389 956 1452 omnia
988 1391 1179 1454 nobis
1223 1411 1412 1454 suam
1446 1392 1740 1457 ostendit
1780 1395 2288 1476 prouidentiam,
2331 1394 2404 1457 in
2447 1395 2743 1459 omnibus

327 1509 596 1571 quoque
624 1490 805 1553 nobis
836 1500 905 1554 et
933 1512 1078 1555 esse
1108 1502 1177 1556 et
1205 1491 1507 1556 habitare
1536 1494 1842 1558 creditur,
1931 1504 2000 1558 et
2021 1495 2334 1576 quoniam
2366 1516 2486 1579 per
2515 1497 2741 1560 omnia

327 1591 454 1655 ista
487 1593 780 1657 ostendit
811 1592 942 1657 illis
972 1597 1410 1659 necessariam
1453 1616 1599 1660 esse
1642 1597 2084 1677 concordiam,
2117 1597 2469 1661 uidebatur
2511 1608 2738 1663 autem
2774 1614 2855 1663 10

327 1696 658 1777 quaedam
691 1697 785 1759 eis
818 1698 1032 1762 inesse
1059 1698 1432 1762 differentia
1460 1700 1551 1763 ob
1580 1700 1942 1782 gratiarum
1975 1700 2365 1764 uarietatem
2394 1723 2408 1764 ε

457 1836 795 1921 unicuique
821 1850 1036 1903 autem
1068 1851 1359 1906 nostrum
1387 1840 1547 1907 data
1584 1851 1682 1906 est
1709 1842 1945 1926 gratia
1980 1842 2324 1908 secundum
2368 1863 2742 1908 mensuram

326 1937 692 2004 donationis
726 1940 988 2008 Christi.

462 2069 544 2132 ‘si
604 2079 828 2134 autem
883 2070 1217 2154 propriam
1264 2074 1604 2156 quandam
1648 2072 1933 2155 gratiam
1980 2072 2342 2156 spiritalem
2391 2071 2742 2155 unusquis-

330 2193 459 2254 que
490 2184 787 2239 nostrum
819 2174 1040 2252 habet,
1070 2175 1444 2241 differentia
1473 2197 1631 2240 uero
1663 2175 1839 2240 sacta
1869 2186 1987 2253 est,
2018 2185 2217 2259 prout
2251 2198 2445 2241 suum
2486 2178 2740 2240 donum
2775 2182 2847 2252 15

330 2275 682 2357 unicuique
740 2288 1039 2341 nostrum
1100 2279 1411 2343 dominus
1471 2279 1808 2342 dimittere
1865 2279 2180 2361 dignatus
2247 2288 2350 2342 est
2420 2276 2742 2343 Christus,

329 2472 580 2561 κυρίους
610 2474 758 2543 οὐδὲ
788 2475 1133 2565 διαφόρους
1161 2477 1496 2561 νομίζομεν
1526 2475 1721 2548 θεούς·
1766 2473 2228 2545 ἀδιάσπαστος
2268 2473 2396 2563 «γιὶρ
2433 2472 2592 2557 ἡμῖν
2629 2474 2743 2553 τῆς

332 2576 636 2661 θεότητος
694 2579 804 2646 καὶ
864 2583 977 2661 τῆς
1035 2579 1410 2667 κυριότητος
1468 2577 1508 2661 ἦ
1570 2577 1912 2661 ὁμολογία,
1969 2576 2043 2643 οὐ
2100 2574 2551 2661 διαιρουμένων
2613 2575 2744 2641 τῶν

326 2686 599 2765 1γνωμῶν
626 2682 811 2764 ἡμῶν
840 2682 1013 2749 κατὰ
1057 2680 1168 2748 τὸν
1204 2685 1331 2748 τῶν
1376 2682 1752 2767 προσώπων
1798 2680 2094 2768 α’ριθμόνς
2117 2678 2304 2747 ἀλλὰ
2349 2680 2474 2762 τὴν
2517 2678 2743 2763 ὁμοίαν

328 2784 770 2852 ἀποδιδόντων
798 2783 1282 2872 προσκύνησινῖ
2751 2793 2857 2845 ,20

462 2886 497 2951 ὁ
564 2886 662 2953 ἐπὶ
737 2892 1001 2953 πάκτωκ
1062 2885 1148 2965 δέ,
1216 2884 1321 2952 ἵνα
1387 2886 1537 2969 εἴπῃ
1597 2890 1614 2921 ‘
1633 2884 1669 2950 ὁ
1738 2884 2005 2950 πάντων
2070 2882 2407 2972 ὑπερέχων
2472 2885 2583 2951 καὶ
2650 2888 2742 2951 Διὰ

330 2994 590 3056 πάκτωΝ
624 2990 808 3072 ἡμῶν
836 2988 954 3069 τὴν
982 2987 1225 3055 οἰκείαν
1255 2986 1767 3071 ἐπιδεικνύμενος
1811 2986 2141 3075 πρόνοιαν,
2172 2988 2243 3053 ἐκ
2279 2986 2453 3052 πᾶείκ
2487 3013 2560 3053 τε
2587 2986 2743 3071 ἡμῖν

332 3092 494 3160 εἶναι
553 3093 662 3159 καὶ
719 3093 917 3159 οἰκεῖν
972 3091 1474 3176 πιστευόμενος]
1562 3090 1675 3156 καὶ
1734 3088 1956 3169 ἐπειδὴ
2018 3088 2127 3155 διὰ
2181 3088 2447 3156 πάντων
2506 3088 2742 3172 ἔδειξεν

330 3195 546 3268 αὐτοῖς
591 3193 708 3278 τὴν
749 3194 1068 3277 ὁμόνοιαν,
1114 3193 1317 3260 ἐδόκει
1363 3193 1433 3259 δέ
1479 3218 1577 3263 τις
1626 3190 1842 3262 αὐτοῖς
1890 3189 2052 3257 εἶναι
2105 3189 2388 3278 διαφορὰ
2437 3189 2573 3256 ἀπὸ
2628 3190 2744 3271 τῆς

330 3302 458 3364 τῶν
504 3297 934 3385 χαρισμάτων
981 3295 1335 3376 ποικιλίας,
1366 3294 1706 3383 ἐπιφέρει·
1752 3293 1844 3360 ἑΝὶ
1896 3297 1965 3359 At}
2018 3297 2258 3379 ἑκάετῳ
2314 3295 2499 3359 »imbui
2551 3293 2739 3359 ἑΔόθΗ
2769 3309 2807 3356 2
2817 3307 2849 3374 5

332 3405 370 3467 ἡ
427 3405 584 3490 χάρις
641 3401 788 3467 κατὰ
827 3402 901 3465 τό
954 3404 1183 3486 ΜὲτΡοΝ
1241 3407 1357 3464 τῆς
1418 3405 1657 3485 Δωρεᾶε
1717 3399 1828 3472 ro?
1881 3399 2128 3484 χριετοῨ.
2221 3395 2280 3461 εἰ
2334 3394 2406 3460 δὲ
2464 3393 2622 3462 ἴδιόν
2677 3421 2745 3460 τι

330 3503 637 3595 χάρισμα
683 3502 958 3572 ἕκαστος
1002 3499 1181 3583 ἡμῶν
1220 3501 1376 3588 ἔχει,
1415 3499 1455 3582 ἡ
1493 3498 1775 3587 διαφορὰ
1801 3499 2062 3581 «γέγονεν
2109 3498 2317 3568 καθώς
2355 3497 2476 3579 τὴν
2516 3497 2740 3562 ἑαυτοῦ

435 3678 454 3711 1
494 3661 580 3711 sed
605 3660 686 3710 uel
708 3659 849 3725 quasi
874 3659 1016 3719 [4ut
1037 3656 1167 3719 corr]
1189 3657 1325 3707 dicat
1348 3673 1441 3707 nec
1463 3656 1564 3706 diu.
1590 3657 1658 3705 II
1851 3676 1882 3719 4
1915 3655 2147 3706 uidemur
2171 3655 2286 3719 (sor
2303 3652 2485 3717 diuid.)
2515 3652 2592 3703 C*
2617 3652 2743 3703 diui·

331 3743 507 3793 demus
534 3741 579 3791 C
599 3739 744 3805 (corr)
768 3740 837 3789 H
988 3754 1020 3805 9
1053 3754 1203 3803 super
1222 3739 1284 3787 H
1448 3752 1499 3788 ιι
1538 3737 1701 3788 inesse
1722 3737 1794 3788 eis
1815 3738 1883 3786 H
2032 3736 2091 3787 16
2124 3737 2245 3786 Chr.
2269 3737 2408 3801 dign.
2432 3745 2509 3787 est
2529 3738 2598 3787 H

401 3892 446 3941 3.
520 3894 603 3927 nec
631 3877 762 3927 enim
795 3877 1037 3936 essentias,
1070 3874 1185 3936 δια]
1267 3873 1349 3924 Cs.
1398 3873 1484 3923 the
1586 3872 1659 3921 m'
1683 3870 1772 3933 τὴν
1794 3873 2079 3922 δεσποτείαν
2103 3872 2338 3931 σημαίνει.
2362 3868 2420 3920 τὸ
2437 3873 2488 3920 δὲ
2517 3869 2632 3920 *διὰ
2652 3873 2742 3931 π.’,

332 3959 666 4009 Theodorean
721 3957 932 4007 ecthesis
951 3972 963 4004 ε
1051 3954 1380 4017 ὁμολογοῦμεν
1435 3955 1487 4004 δὲ
1585 3950 1675 4013 τὴν
1696 3951 1931 4015 πρόνοιαν·
1952 3951 2009 4001 τὸ
2032 3953 2085 4001 δέ
2104 3969 2164 4013 ’γε
2185 3954 2263 4000 ’ἐν
2279 3950 2369 4012 ι’,
2388 3949 2479 4011 τὴν
2490 3952 2739 4011 ἐνοίκησιν.

333 4044 523 4103 πατέρα
553 4042 739 4088 τέλειον
773 4039 1373 4103 προσώτῳ....σωζομὲνου
1402 4038 1488 4085 τοῦ
1588 4034 1709 4083 And
1770 4035 2011 4098 similarly
2068 4033 2269 4097 Chrys,
2335 4035 2480 4094 Oec.,
2544 4033 2734 4099 Thpht.

332 4122 487 4185 λόγου
521 4120 605 4181 τῆς
646 4118 887 4182 εὐσεβείας
927 4119 1042 4178 ἡμῖν
1078 4118 1149 4179 τῷ
1184 4119 1372 4179 πατέρα
1407 4118 1484 4167 καὶ
1589 4118 1742 4167 Dam.
1785 4133 1851 4166 on
1890 4118 1975 4167 the
2014 4116 2158 4166 other
2194 4116 2328 4165 hand
2369 4132 2476 4165 sees
2516 4117 2567 4165 in
2604 4118 2743 4167 these

336 4206 445 4262 υἱόν,
503 4200 674 4262 ὁμοίως
718 4203 795 4250 καὶ
842 4199 1025 4260 πνεῦμα
1060 4201 1214 4262 ἅγιον,
1252 4202 1320 4258 μὴ
1363 4202 1487 4262 τρεῖς
1587 4198 1753 4247 words
1793 4199 1858 4246 τὰ
1894 4198 1980 4256 τῆς
2015 4197 2204 4258 τριάδος
2244 4197 2511 4255 ίδιώματα;
2551 4196 2652 4246 and
2685 4214 2742 4247 so

332 4300 463 4333 τινας
492 4283 744 4343 διαφόρους
775 4278 938 4331 οὐσίας
968 4281 1185 4344 νομίζειν,
1222 4275 1353 4328 ἀλλὰ
1371 4281 1487 4338 μίαν
1589 4278 1645 4328 S.
1667 4278 1874 4342 Jerome
1906 4277 2007 4325 and
2048 4276 2221 4326 Sedul.
2264 4276 2401 4326 Scot.
2477 4277 2561 4326 On
2600 4277 2743 4327 Th-’s

330 4364 397 4427 τῇ
418 4365 677 4423 ταυτότητι
700 4360 786 4423 τῆς
809 4359 1036 4422 θεότητος
1056 4362 1418 4426 γνωριζομένην.
1586 4360 1812 4410 doctrine
1829 4359 1887 4409 of
1902 4359 1988 4408 the
2012 4358 2196 4409 Divine
2214 4358 2445 4419 ἐνοίκησις
2459 4375 2543 4410 see
2560 4359 2738 4420 above,

399 4462 447 4510 7.
527 4445 619 4510 qui
676 4442 1273 4503 omnibus-...uarietatemJ
1340 4442 1486 4493 Cited
1588 4456 1638 4504 p.
1671 4455 1782 4502 14²,
1805 4439 1842 4489 1.
1874 4454 1946 4496 10.
1972 4446 2107 4488 note.

331 4529 399 4592 by
435 4527 701 4577 Lanfranc.
771 4526 849 4576 Cf.
875 4526 1056 4576 Thdt.:
1092 4521 1148 4575 τὸ
1182 4527 1345 4585 μέντοι
1373 4526 1488 4573 ’ἐπὶ
