3293 5233
346 388 422 453 V.
456 396 522 472 9,
557 390 674 474 10.]
1033 410 1036 415 ·
1157 405 1241 455 m
1289 404 1395 458 ΕΡ.
1441 406 1543 456 AD
1589 405 1938 457 GALATAs.
2669 408 2748 473 91

475 572 640 639 haec
672 574 816 639 uult
844 577 1092 640 dicere:
1139 579 1455 659 quoniam
1493 576 1565 661 †‘
1583 580 1799 662 gratia
1829 588 1971 643 erat
2020 579 2148 643 Dei
2183 586 2254 641 ut
2301 585 2569 642 uocaret
2616 597 2754 652 uOS,

347 677 526 759 quod
575 687 643 742 et
685 678 857 753 fecit,
903 680 1072 743 dans
1116 679 1402 764 Spiritus
1445 683 1659 746 sancti
1712 684 2019 765 gratiam,
2076 683 2474 764 promittens
2517 680 2750 744 futura.

348 800 502 843 nam
557 802 944 863 permanere
994 783 1220 847 firmos
1278 786 1344 848 in
1407 785 1557 860 fide,
1604 806 1737 848 non
1788 796 1930 848 erat
1979 785 2170 861 illius,
2221 784 2339 847 scd
2391 780 2753 847 uestrum.*

346 881 472 947 hoc
504 884 682 947 enim
729 884 946 951 solum
992 886 1287 950 conferre
1328 908 1448 950 uos
1491 889 1972 966 conueniebat3
2023 888 2282 950 residua
2326 906 2483 949 uero
2528 885 2755 948 omnia

347 1008 434 1047 ex
484 986 656 1051 illius
709 988 1118 1053 accedebant
1168 993 1400 1071 gratia.
1490 1001 1557 1055 et
1611 1012 1765 1055 ecce
1814 1002 1881 1054 et
1928 990 2055 1055 hoc
2103 991 2316 1054 facere
2362 987 2749 1053 distulistis!
2829 1004 2859 1070 5

348 1090 592 1153 deinde
623 1090 948 1156 malitiam
981 1094 1346 1155 admissam
1377 1093 1718 1176 detegenS,
1749 1095 1994 1175 adicit:

476 1225 793 1291 modicum
807 1228 1212 1309 fermentum
1244 1239 1443 1293 totam
1477 1250 1762 1292 massam
1779 1231 2165 1311 fermentat:

478 1358 644 1415 ‘non
677 1353 893 1417 solum
928 1354 1041 1417 illa
1072 1376 1244 1437 quae
1275 1355 1443 1418 fiunt
1484 1354 1716 1431 defleo,
1748 1358 1865 1419 sed
1902 1356 2013 1418 illa
2047 1376 2218 1438 quae
2258 1353 2411 1417 hinc
2453 1353 2755 1416 oriuntur

348 1454 756 1535 pertimesco.
847 1456 1149 1519 doctrina
1201 1457 1380 1519 enim
1435 1477 1567 1519 non
1633 1458 1826 1533 bona,
1880 1457 2085 1520 semel
2137 1457 2533 1539 principium
2593 1456 2751 1518 mali

347 1558 693 1640 accipienS,
724 1570 1159 1640 augmentum
1194 1560 1259 1621 in
1284 1569 1586 1642 tempore
1618 1563 1744 1623 scit
1775 1560 2157 1641 adquirere?
2790 1576 2866 1621 10

476 1669 542 1722 et
575 1670 646 1722 ut
679 1682 762 1723 ne
794 1661 1256 1724 aestimaretur
1286 1681 1417 1724 non
1451 1663 1699 1725 bonam
1742 1662 1829 1725 de
1877 1662 2006 1724 illis
2039 1661 2283 1723 habere
2314 1681 2521 1741 spem,
2555 1659 2754 1723 simul

348 1771 413 1823 et
445 1782 687 1825 sanans
719 1784 832 1825 eos
866 1765 1103 1826 adicit:

473 1942 581 2001 ego
610 1921 847 2004 cotfido
880 1923 948 1984 in
980 1921 1158 1985 uobis
1188 1923 1257 1985 iu
1289 1922 1572 1985 Domino
1602 1922 1909 2004 quoniam
1941 1920 2118 1985 uilu‘l
2137 1920 2335 1983 aliud
2354 1921 2634 2002 sapietis.

475 2056 804 2120 sufficiens
855 2067 995 2120 erat
1049 2057 1325 2121 Galatas
1381 2059 1812 2140 desperantes
1875 2056 2267 2119 confirmare
2318 2066 2385 2119 et
2441 2058 2753 2119 reducere

348 2159 431 2219 ad
469 2158 620 2221 fidei
656 2161 1127 2243 integritatem,
1162 2182 1244 2224 eo
1274 2162 1456 2243 quod
1490 2172 1556 2224 et
1593 2162 1839 2224 Paulus
1887 2161 2065 2223 bona
2103 2161 2188 2223 de
2233 2160 2363 2223 illis
2412 2161 2748 2243 sperabat.
2789 2175 2858 2241 15

347 2264 432 2326 ad
467 2264 629 2326 haec
661 2286 896 2327 curans
930 2265 1227 2341 GalataS,
1258 2265 1654 2328 aduersariis
1686 2286 1831 2327 sese
1865 2264 2120 2328 inuehit
2152 2264 2382 2328 dicens
2409 2285 2423 2328 ε

472 2420 590 2501 qui
613 2430 826 2485 autem
855 2423 1194 2486 conturbat
1220 2444 1347 2497 uos,
1367 2422 1661 2504 portabit
1694 2422 2027 2498 iudicium,
2060 2423 2443 2503 quicumque
2468 2432 2562 2484 est
2593 2421 2721 2484 ille.

477 2556 917 2622 demiratione
973 2560 1251 2641 dignum
1315 2569 1416 2623 est
1477 2560 1658 2641 quod
1724 2559 1936 2623 dixit:
2014 2558 2393 2640 quicumque
2448 2567 2541 2621 est
2600 2557 2756 2634 ille,-

346 2660 702 2723 ostendens
756 2664 1073 2744 quoniam
1137 2684 1270 2726 non
1333 2673 1599 2726 ueretur
1659 2683 2038 2745 personam,
2101 2664 2376 2745 quando
2452 2664 2754 2726 ueritatis

345 2762 695 2824 discutitur
748 2766 930 2828 rati0.
1024 2777 1092 2829 et
1141 2768 1460 2849 quoniam
1522 2766 1920 2847 interposuit
1983 2764 2333 2827 consilium
2381 2764 2565 2846 quod
2626 2764 2753 2828 illis
2784 2784 2870 2831 20

345 2862 568 2939 dabat,
628 2886 749 2928 sua
810 2868 1157 2967 euidenter
1216 2869 1701 2950 comprobauit.
1795 2868 2034 2929 iterum
2097 2867 2184 2928 ad
2239 2867 2756 2929 circumcisionis

474 3092 589 3170 τῆς·
620 3088 886 3178 χάριτος
930 3090 1078 3156 θεοῦ
1123 3089 1201 3172 ἦν
1247 3090 1319 3157 τὸ
1363 3092 1658 3171 καλέσαι,
1695 3093 1769 3158 τὸ
1812 3092 2025 3157 δοῦναι
2068 3097 2184 3159 τοῦ
2232 3095 2595 3175 πνεύματος·
2643 3090 2759 3171 τὴν

344 3191 555 3280 χάριν,
589 3191 1006 3282 ὑποσχέσθαι
1034 3194 1117 3259 τὰ
1149 3194 1492 3273 μέλλοντα·
1524 3196 1595 3258 τὸ
1635 3195 1855 3277 μέντοι
1890 3195 2100 3276 μένειν
2138 3197 2450 3273 βεβαίους·
2491 3193 2601 3259 ἐπὶ
2642 3196 2758 3274 τῆς

345 3294 623 3366 πίστεως·
654 3295 766 3362 οὐκ
799 3295 872 3378 ἦν
904 3295 1158 3374 ἐκείνου,
1192 3296 1342 3360 ἀλλ’
1376 3297 1691 3382 ὑμέτερον.

440 3472 466 3506 2
495 3456 697 3506 facitH
906 3473 963 3506 10
987 3456 1037 3505 in
1060 3463 1308 3521 tempores
1331 3458 1422 3506 scit
1445 3459 1513 3506 H
1719 3471 1772 3520 15
1810 3467 1973 3522 sperat
2002 3458 2045 3507 C
2261 3456 2316 3508 16
2357 3459 2519 3508 adhuc
2548 3460 2591 3508 C
2615 3459 2623 3522 1
2653 3476 2766 3509 esse

345 3538 459 3601 (sbr
477 3539 601 3598 sese)
642 3537 739 3586 C':
776 3554 889 3586 corr
907 3555 960 3586 se
1162 3551 1219 3603 19
1254 3555 1463 3602 persona
1497 3539 1565 3587 ll
1748 3554 1806 3588 22
1826 3557 1898 3604 sq.
1926 3539 2078 3589 Coisl.
2108 3556 2219 3600 204,
2249 3540 2281 3588 f.
2310 3544 2418 3604 38²²
2443 3542 2551 3602 [Cr.
2579 3542 2646 3590 vi.
2678 3555 2759 3605 77,

348 3619 388 3667 F
391 3635 428 3668 r.
470 3619 582 3683 129]
612 3620 849 3680 θεόδωρος.
893 3619 1042 3669 ἄλλος
1075 3621 1128 3668 δέ
1157 3627 1323 3681 φησιν·
1357 3622 1442 3679 τῆς
1464 3620 1677 3681 χάριτος,
1706 3624 1849 3669 xm).

410 3767 453 3812 3.
517 3765 616 3798 nou
638 3757 745 3798 erat
764 3751 915 3808 illius,
938 3752 1022 3799 scd
1038 3751 1276 3812 uestrum]
1338 3749 1500 3799 Pitraz
1605 3755 1634 3777 ‘⁴
1657 3750 1929 3802 obedience
1953 3757 2005 3798 to
2037 3750 2120 3800 the
2150 3753 2283 3800 truth
2318 3751 2372 3813 [ἡ
2404 3750 2762 3810 πεισμονήετό

347 3838 378 3859 “
401 3835 542 3881 Haec
590 3833 682 3881 nisi
729 3834 1086 3896 corrigerentur
1130 3833 1240 3881 aliis
1298 3834 1419 3883 locis
1602 3833 1856 3878 πείθεσθαι
1881 3829 2106 3893 ἀληθείᾳ]
2140 3832 2179 3880 is
2214 3843 2299 3880 not
2336 3840 2388 3882 to
2422 3834 2484 3881 be
2519 3833 2759 3896 expected

344 3913 811 3976 semipelagianismi
848 3914 968 3976 quid
1005 3914 1338 3964 redolerent.'’
1419 3915 1501 3962 On
1602 3932 1657 3964 as
1680 3932 1709 3963 a
1731 3917 1821 3978 gift
1848 3917 1970 3965 from
1996 3918 2128 3972 God,
2155 3917 2243 3964 but
2268 3924 2319 3964 to
2342 3916 2405 3964 be
2430 3916 2668 3963 rendered
2693 3931 2759 3963 on

346 3998 488 4048 Th.’s
519 3998 784 4060 sympathy
819 3995 938 4044 with
973 3995 1057 4044 the
1093 3996 1241 4045 views
1275 3995 1333 4044 of
1362 3994 1501 4044 Pela·
1603 4012 1726 4058 your
1748 4012 1861 4043 own
1887 4005 1996 4060 pant
2020 4013 2073 4044 as
2108 4013 2171 4043 an
2205 4011 2397 4044 answer
2430 4003 2482 4043 to
2522 3997 2616 4042 His
2648 4012 2760 4058 gra-

345 4080 453 4144 gius
487 4096 569 4128 see
606 4079 872 4134 Fritzsche,
907 4079 964 4126 de
990 4094 1036 4126 v.
1066 4085 1110 4125 ct
1133 4095 1225 4125 scr.
1260 4078 1371 4137 Th„
1413 4094 1498 4141 pp.
1603 4077 1739 4126 cious
1784 4077 1933 4126 call.”
2010 4078 2164 4126 Thdt.
2208 4085 2400 4139 repeats
2435 4076 2532 4124 this
2566 4076 2757 4139 exposi-

355 4171 621 4221 107—115.
717 4160 776 4207 In
817 4158 900 4206 the
936 4165 1132 4221 present
1167 4158 1389 4205 instance
1425 4158 1500 4206 his
1602 4161 1707 4208 tion
1732 4180 1743 4210 :
1782 4163 1895 4207 ἴδιον
1917 4161 2041 4207 Θεοῦ
2062 4161 2118 4208 τὸ
2141 4160 2316 4217 καλεῖν,
2347 4160 2403 4206 τὸ
2427 4160 2477 4208 δὲ
2510 4159 2761 4206 πείθεσθαι

345 4243 544 4304 anxiety
564 4251 613 4290 to
636 4250 789 4289 assert
815 4242 896 4289 the
920 4257 1249 4290 concurrence
1271 4241 1329 4289 os
1345 4240 1500 4288 man's
1602 4244 1698 4289 τῶν
1721 4242 2004 4289 ἀκουόντων.

346 4324 548 4372 freewill
574 4323 693 4371 with
717 4323 801 4371 the
827 4322 962 4369 work
987 4322 1043 4369 of
1062 4323 1145 4371 the
1175 4323 1310 4385 Holy
1348 4323 1500 4386 Spirit
1670 4325 1716 4368 8.
1798 4338 1896 4369 nau
1930 4323 2104 4375 solum,
2139 4321 2251 4381 ἃς]
2318 4320 2493 4369 Th‹lt.:
2530 4318 2644 4376 ὑμᾶς
2674 4321 2762 4378 μὲν

346 4404 435 4452 has
461 4403 540 4451 led
565 4404 665 4451 him
694 4404 796 4451 into
831 4418 861 4449 a
893 4411 1091 4465 strange
1126 4403 1500 4466 interpretation
1606 4401 1777 4462 θρηνῶ,
1803 4402 1931 4448 δέδια
1957 4402 2005 4447 δὲ
2030 4401 2117 4458 τὴν
2139 4399 2225 4458 τῆς
2249 4400 2389 4448 νόσου
2408 4400 2677 4456 μετάδοσιν.

346 4484 404 4531 of
422 4483 505 4530 the
530 4498 748 4547 passage,
776 4481 937 4529 which
962 4481 1025 4529 he
1062 4481 1201 4530 takes
1236 4489 1286 4529 to
1321 4497 1465 4529 mean
1489 4499 1500 4529 :
1676 4495 1748 4544 19·
1807 4497 1907 4528 nou
1932 4487 2128 4529 merctur
2146 4481 2298 4545 pers]
2358 4482 2436 4531 Cf.
2463 4498 2546 4546 pp.
2583 4496 2653 4539 10,
2688 4497 2760 4533 11.
