3293 5233
238 379 326 443 II.
361 382 448 465 9.]

234 572 474 637 derunt
501 574 674 637 mihi
696 586 759 638 et
783 575 1132 639 Barnabae
1168 574 1650 652 communionis,
1684 585 1761 637 ut
1796 595 1910 637 nos
1938 573 2193 655 quidem
2226 573 2295 636 in
2326 572 2646 654 gentibus,

240 673 368 753 ipsi
393 696 543 738 nero
575 676 645 738 in
673 676 1157 742 circumcisione.

1057 400 1134 449 m
1185 401 1286 451 ΕΡ.
1334 401 1438 449 An
1484 401 1842 451 GALATAS.
2578 405 2652 466 ¹9

371 804 647 885 quidam
678 805 773 867 sic
807 804 1124 887 legerunt,
1154 803 1273 866 sea'
1294 802 1674 866 econtrario
1686 801 2174 884 ‚·—perseetum
2199 823 2469 866 sensum
2495 822 2648 864 eon-

241 902 606 969 cludenteS.
655 907 741 969 ad
774 905 1045 988 plenum
1079 925 1237 969 uero
1271 905 1615 968 intendere
1645 907 1859 968 ordini
1893 907 2245 970 uerborum
2280 905 2646 968 noluerunt.

242 1017 345 1072 est
382 1010 557 1072 enim
605 1030 838 1073 sensus
880 1010 1022 1074 hic:
1065 1009 1184 1074 sca'
1217 1031 1253 1072 e
1287 1009 1613 1072 contrario
1658 1008 1946 1071 uidentes
1986 1010 2295 1091 qnoniam
2337 1008 2648 1070 creditum
2724 1007 2754 1072 5

240 1120 338 1172 cst
380 1112 550 1174 milti
597 1113 1003 1195 euangelium
1041 1112 1392 1195 praeputii,
1445 1113 1613 1176 sicut
1653 1122 1716 1175 et
1770 1112 1971 1175 Petro
2027 1110 2542 1186 circmncisionis,
2592 1120 2654 1172 et

239 1225 663 1294 cognoscentes
700 1218 1004 1299 gratiam
1048 1237 1210 1298 quae
1250 1216 1411 1279 data
1457 1226 1554 1278 est
1601 1214 1787 1292 milei,
1827 1224 1896 1278 et
1941 1226 2178 1279 cetera.
2250 1224 2404 1297 post
2451 1214 2649 1277 inter-

244 1318 595 1381 iectionem
643 1340 818 1402 quae
864 1329 967 1384 est
1011 1322 1097 1384 ab
1139 1320 1254 1384 illo
1297 1319 1484 1384 loco:
1528 1321 1646 1382 sca'
1682 1341 1879 1401 neque
1916 1320 2121 1394 Titus,
2170 1326 2652 1401 consequenter

244 1422 794 1502 praecedentibus
849 1425 1146 1487 iunctum
1193 1433 1312 1499 est,
1347 1432 1421 1486 ut
1462 1425 1588 1487 sit:
1633 1423 1754 1504 qui
1788 1422 1958 1485 enim
2004 1431 2299 1505 operatus
2326 1431 2423 1483 est
2453 1422 2652 1483 Petro

244 1523 314 1585 in
361 1525 785 1605 apostolatum
831 1527 1349 1602 circumcisionis,
1398 1535 1695 1609 operatus
1742 1538 1838 1590 est
1884 1536 1949 1589 et
1994 1526 2167 1589 milei
2214 1527 2384 1589 inter
2415 1535 2648 1607 gvntes.
2686 1534 2762 1580 10

244 1631 427 1711 quod
477 1631 544 1694 in
598 1633 836 1696 mediis
897 1633 1314 1696 sermonibus
1374 1632 1744 1695 secundum
1807 1630 2297 1693 interiectiones
2355 1629 2649 1713 positum

244 1752 389 1796 esse
420 1734 700 1810 uidetur,
734 1736 821 1799 ad
853 1735 1430 1817 comprobandum
1464 1733 1645 1815 quod
1680 1734 1747 1795 in
1786 1732 2037 1795 nullam
2076 1741 2334 1814 partem
2366 1731 2652 1793 minora-

243 1836 495 1901 tionem
550 1839 877 1903 sustineat
926 1838 1388 1921 euangelium3
1454 1857 1535 1901 eo
1588 1837 1772 1919 quod
1825 1836 2003 1898 idem
2064 1836 2149 1898 sit
2196 1835 2380 1898 Deus
2425 1837 2540 1918 qui
2587 1845 2653 1898 et

245 1939 372 2002 hoc
424 1939 620 2003 Petro
677 1941 983 2018 iniunxit,
1033 1950 1105 2005 et
1153 1940 1315 2004 illud
1369 1940 1512 2006 sibi.
1605 1939 1754 2003 uult
1804 1948 2033 2002 autem
2075 1938 2295 2001 dicere
2336 1939 2650 2020 quoniam

243 2039 364 2102 ‘illi
389 2041 660 2123 quidem
686 2042 863 2106 nilcil
883 2043 1284 2105 contulerunt
1313 2042 1516 2117 milu',·
1553 2064 1588 2105 e
1613 2042 1938 2105 contrario
1969 2061 2119 2102 uero
2151 2040 2275 2122 ipsi
2307 2041 2654 2104 audientes
2690 2046 2758 2111 15

244 2164 285 2206 a
319 2165 427 2207 me
459 2145 787 2227 euangelii
830 2147 1105 2209 modum
1148 2167 1348 2228 quem
1381 2145 1870 2228 praedicabam,
1906 2154 1972 2208 et
2013 2144 2232 2206 edocti
2273 2142 2652 2206 huiusmodi

244 2245 552 2325 gratiam,
583 2247 670 2310 ad
715 2247 842 2311 hoc
883 2249 1160 2330 adsequi
1209 2249 1560 2330 promerui,
1588 2256 1660 2310 ut
1692 2247 2140 2329 probatissimi
2174 2248 2653 2331 apostolorum,

247 2349 533 2413 Iacobus
583 2361 650 2415 et
699 2353 1034 2417 Iohannes
1084 2362 1153 2416 et
1198 2352 1480 2435 CephaS,
1526 2373 1661 2415 non
1707 2351 1925 2415 solum
1972 2372 2107 2415 non
2157 2351 2654 2434 reprobauerint

247 2471 419 2531 mea,
474 2453 592 2516 sed
653 2463 722 2517 et
780 2455 1124 2518 doctrinae
1185 2475 1529 2518 assensum
1582 2454 2025 2536 praebuerint,
2089 2455 2183 2517 ita
2244 2463 2317 2518 ut
2375 2454 2654 2517 dextras

246 2557 732 2621 communionis
785 2557 949 2620 mihi
999 2578 1267 2640 quoque
1326 2556 1563 2620 darent
1616 2565 1686 2619 et
1740 2555 2102 2632 Barnabae,
2154 2565 2226 2620 ut
2279 2556 2655 2620 uideremur
2684 2566 2767 2612 20

249 2659 431 2739 (licet
478 2681 598 2723 nos
640 2661 950 2742 gentibus
993 2662 1542 2742 praedicaremus
1576 2660 1699 2741 ipsi
1746 2681 1903 2722 uero
1946 2659 2071 2722 illis
2114 2660 2225 2741 qui
2270 2660 2335 2721 in
2379 2660 2653 2723 circum-

245 2763 496 2826 cisione
519 2764 697 2844 sunt)
731 2762 969 2846 [quod]
994 2773 1150 2826 tunc
1174 2765 1366 2826 unius
1398 2783 1695 2826 essemus
1726 2763 2098 2825 sententiae
2125 2782 2139 2838 ;
2176 2761 2293 2845 [et]
2333 2781 2533 2824 unam
2559 2763 2653 2823 in-

245 2864 614 2927 tentionem
648 2865 988 2941 habenteS,
1012 2868 1351 2928 uniuersos
1383 2886 1502 2947 per
1533 2863 1733 2926 fidem
1771 2864 2036 2928 Christo
2061 2864 2451 2927 offeramus!
2496 2885 2651 2927 nam

244 2974 313 3029 et
345 2965 655 3029 discretio
686 2966 852 3030 haec
884 2988 1018 3031 non
1050 2966 1181 3031 alia
1220 2989 1310 3030 ex
1349 2988 1551 3031 causa
1593 2967 1821 3028 diuina
1858 2967 2075 3048 gratia
2108 2976 2208 3028 est
2248 2966 2653 3048 dispensata,

1662 3132 1717 3167 12
1755 3120 1806 3166 in
1842 3133 1919 3166 om
1959 3118 2025 3165 H
2028 3117 2051 3140 '⁸
2223 3132 2279 3179 13
2313 3117 2522 3167 sustinet
2560 3118 2653 3167 Il*

1656 3214 1714 3262 ¹9
1738 3199 2068 3262 praebuerunt
2098 3198 2140 3246 C
2148 3197 2174 3221 ⁴*
2199 3199 2266 3246 H
2451 3212 2517 3247 ἰο
2542 3200 2656 3247 Bar·

1606 3298 1666 3332 22
1704 3282 1857 3346 quod,
1893 3288 1959 3338 et,
1994 3297 2071 3330 om
2101 3280 2178 3329 C*
2203 3282 2271 3330 Il

344 3136 374 3183 3
408 3120 628 3183 legerant
663 3120 729 3169 II

251 3198 308 3248 16
331 3200 537 3248 edoctus
563 3200 609 3249 C

243 3282 402 3330 nebae
440 3281 518 3331 C·

884 3135 942 3170 10
974 3119 1256 3185 apostolatu
1285 3122 1328 3168 C
1351 3117 1494 3183 (corr)

799 3200 854 3249 18
878 3202 1266 3264 reprobauerunt
1295 3200 1371 3248 C*
1395 3201 1463 3249 H

719 3298 776 3332 21
815 3283 1213 3346 praedicaremur
1252 3283 1321 3333 C*
1346 3284 1413 3332 H

311 3448 357 3494 3.
426 3433 628 3496 quidam
650 3434 716 3482 sic
742 3434 978 3496 legerunt,
1009 3433 1120 3495 &c.]
1155 3432 1237 3481 i.e.
1263 3449 1400 3481 some
1496 3449 1542 3495 p.
1573 3445 1629 3494 75
1659 3430 1739 3494 (cf.
1766 3448 1816 3495 p.
1843 3431 1911 3493 8).
1980 3431 2112 3480 Both
2135 3431 2254 3480 verb
2278 3431 2378 3481 and
2409 3446 2545 3481 noun
2569 3448 2653 3482 are

240 3513 540 3577 [expositors
553 3513 595 3574 Ρ]
614 3515 918 3579 punctuated
939 3514 1078 3562 thus:
1102 3512 1234 3562 οὐδὲν
1252 3529 1399 3573 προσ·
1498 3513 1725 3575 frequent
1749 3512 1800 3559 in
1824 3510 1921 3559 this
1942 3512 2250 3560 translation.

241 3597 482 3654 ανέθεντο,
510 3596 641 3644 ἀλλὰ
663 3597 951 3644 τούναντίον·
993 3596 1186 3655 ἰδόντες,
1214 3596 1362 3643 uxr-R.
1567 3609 1645 3643 22.
1688 3611 1844 3642 unam
1862 3594 2175 3643 intenttonem
2198 3595 2436 3656 habentes]
2473 3597 2652 3661 Comp-

313 3688 358 3737 7.
410 3685 520 3741 post
556 3678 947 3739 intcn’ecteonem]
1017 3679 1127 3728 The
1167 3678 1401 3741 meaning
1500 3676 1640 3725 Th.’s
1680 3676 1806 3741 prol.
1849 3684 1901 3726 to
1940 3678 2023 3725 the
2061 3678 2158 3741 Ep.
2195 3684 2247 3726 to
2284 3678 2368 3726 the
2410 3680 2654 3728 Hebrews

239 3774 402 3808 seems
424 3767 476 3808 to
499 3761 562 3809 be
585 3759 692 3809 that
717 3760 802 3808 the
827 3760 988 3808 words
1016 3757 1040 3807 ὁ
1074 3761 1172 3822 ’γὰρ
1206 3761 1398 3821 ἐνεργή-

240 3858 331 3890 σας
425 3842 489 3891 εἰς
510 3843 573 3890 τὸ,
595 3844 714 3901 ἔθνη
736 3857 819 3890 are
841 3843 1164 3907 parenthetic,
1190 3842 1289 3890 like
1313 3841 1398 3891 the

241 3924 539 3988 paragraph,
559 3940 641 3972 vv.
664 3920 821 3988 3-65
851 3940 907 3972 so
925 3925 1030 3973 that
1052 3925 1135 3974 the
1152 3939 1396 3987 sequence

241 4011 314 4057 is:
351 4008 582 4068 ἀνεθέμην
609 4010 709 4058 τοῖς
741 4010 977 4058 δοκοῦσιν·
1012 4010 1055 4058 οἰ
1087 4011 1389 4060 δοκοῦντες...

243 4093 582 4140 &horem-‚acal
627 4093 827 4151 ’γνόντες
869 4093 959 4151 τὴν
1001 4091 1158 4154 χάριν,
1208 4095 1389 4151 κ.τ.λ.,

240 4172 394 4230 δεξιὰς
416 4172 597 4219 ἔδωκαν
622 4173 742 4228 ἐμοὶ.
809 4173 983 4222 Either
1005 4172 1286 4237 something
1308 4174 1398 4223 has

238 4254 367 4302 been
403 4252 500 4300 lost
535 4253 854 4312 [interiectum
891 4269 948 4303 or
981 4254 1241 4303 inlm'ecte'o
1276 4255 1400 4304 aster

238 4342 299 4383 ut
334 4333 437 4394 sit],
479 4350 536 4383 or
580 4334 664 4384 the
710 4336 973 4385 translator
1015 4336 1106 4385 has
1150 4336 1298 4386 sailed
1345 4345 1398 4387 to

239 4416 546 4466 understand
568 4416 647 4466 his
669 4418 896 4480 original.

311 4511 388 4544 η.
447 4497 839 4558 minorationem]
881 4499 976 4547 See
1002 4498 1218 4553 Ronsch.
1245 4499 1394 4548 Itala.

1502 3757 1713 3820 (Migne,
1756 3755 1888 3820 952),
1931 3755 2020 3817 οὐχ
2066 3756 2139 3805 ἵνα
2182 3754 2245 3806 τὰ
2286 3760 2376 3815 μὲν
2419 3757 2548 3808 οὗτοι
2591 3758 2652 3807 τὰ

1500 3840 1551 3886 δὲ
1590 3839 1758 3886 ἐκεῖνοι
1797 3839 2097 3899 διδάσκωσιν,
2138 3841 2201 3889 εἷς
2232 3839 2329 3902 γὰρ
2363 3837 2419 3898 ἦν
2452 3840 2592 3890 αὐτὸς
2627 3843 2652 3889 ὀ

1496 3923 1692 3978 σκοπός,
1714 3920 1819 3969 ἀλλ’
1838 3923 1914 3969 ἵνα
1937 3924 1980 3969 ol
2001 3923 2088 3980 μὲν
2113 3923 2220 3972 τοὺς
2244 3925 2341 3972 ἀπὸ
2363 3923 2512 3971 ἐθνῶν
2534 3926 2576 3971 οὶ
2601 3926 2651 3972 δὲ

1497 4005 1604 4053 τοὺς
1627 4005 1724 4053 ἀπὸ
1746 4001 1843 4053 τῶν
1863 4002 2103 4053 Ἰουδαίων
2125 4005 2187 4065 τῇ
2211 4006 2374 4053 πίστει
2398 4003 2648 4066 προσάγω·

1496 4102 1590 4133 σιν.

1562 4182 1644 4227 24.
1710 4167 1930 4216 discretio
1970 4168 2099 4227 haec,
2149 4166 2265 4228 &c.]
2328 4166 2476 4217 Card.
2516 4169 2649 4217 Pitra

1498 4266 1735 4313 proposes
1772 4249 1922 4314 (Spic.
1952 4251 2148 4298 Solesm.
2182 4262 2218 4297 1.
2248 4266 2298 4314 p.
2333 4248 2467 4312 567),
2502 4251 2644 4299 “dis-

1497 4333 1652 4382 cretio
1674 4333 1798 4382 haec
1823 4332 2024 4381 diuinae
2053 4332 2239 4396 gratiae
2268 4347 2368 4381 non
2400 4333 2497 4383 alia
2521 4349 2578 4382 ex
2603 4348 2645 4382 c.

1498 4422 1569 4464 est
1598 4413 1936 4478 dispensata.’'
