3293 5233
555 389 673 469 178
1195 400 1651 452 Tnsonoaus
1697 401 2282 453 MOPSUESTENUS
2473 433 2476 436 -
2627 387 2731 472 [V.
2757 400 2960 470 '5-9-

670 573 788 639 lzoc
830 575 1002 639 enim
1047 575 1275 651 scitote,
1313 586 1734 659 cognoscentes
1782 575 2087 659 quoniam
2137 575 2349 640 omnis
2381 574 2800 658 fornicarius
2842 585 2966 639 aut

544 673 900 740 inmundus
925 687 1046 741 aut
1069 698 1320 740 auarus
1350 677 1546 760 (quod
1566 687 1663 741 est
1690 678 2005 742 idolorum
2034 678 2340 763 seruitus)
2388 700 2514 742 non
2555 678 2745 743 habet
2784 677 2961 741 ltere-

543 779 813 842 ditatem
844 780 915 843 in
946 802 1138 863 regno
1173 779 1424 845 Christi
1447 791 1511 844 et
1535 781 1679 845 Dei.

675 899 992 962 auaritiae
1022 909 1246 964 autem
1279 901 1541 982 pondus
1580 924 1669 964 ex
1705 901 2030 966 similibus
2062 903 2562 979 demonstrauit,
2593 902 2956 966 ‘idolorum

481 1012 513 1079 5
545 1001 931 1064 seruitutem
954 998 969 1025 ’
1014 1002 1195 1065 illam
1227 1023 1511 1080 vocans;
1559 1024 1639 1066 eo
1680 1005 1859 1086 quod
1894 1004 2195 1068 similiter
2231 1026 2273 1069 a
2316 1004 2465 1068 Deo
2512 1013 2735 1086 potest
2771 1023 2958 1066 auer-

544 1117 700 1183 tere,
731 1118 798 1170 et
827 1107 983 1189 quia
1013 1106 1177 1170 haec
1208 1108 1383 1189 apud
1416 1117 1650 1190 gentes
1680 1108 1984 1171 absolute
2025 1117 2183 1171 tunc
2224 1109 2609 1191 agebantur,
2653 1127 2734 1170 eo
2774 1107 2956 1189 quod

547 1207 863 1271 nolebant
893 1209 1157 1274 credere
1188 1209 1454 1292 aliquod
1489 1231 1633 1273 esse
1665 1229 1952 1274 examen
1984 1210 2245 1273 illorum
2275 1232 2446 1294 quae
2474 1210 2584 1273 hic
2613 1210 2891 1292 agimus,

675 1386 855 1429 nemo
895 1388 1009 1430 uos
1048 1367 1308 1431 seducat
1339 1367 1646 1432 inanibus
1685 1368 1898 1432 uerbis
1913 1391 1943 1444 ,·
1975 1379 2239 1451 propter
2264 1368 2416 1432 haec
2439 1367 2612 1432 enim
2643 1366 2823 1431 uenit
2849 1365 2972 1430 ira*

546 1472 678 1536 Dei
700 1485 891 1556 super
912 1473 1100 1557 filios
1126 1471 1531 1554 diffidentiae.
1623 1472 1814 1535 nolite
1841 1493 1990 1555 ergo
2015 1472 2182 1556 fieri
2221 1472 2666 1555 conparticipes
2703 1491 2941 1535 eorum.

444 1626 522 1673 10
678 1603 745 1666 id
807 1604 1166 1667 ostendens
1219 1603 1789 1685 quemadmodum
1852 1602 1982 1665 illis
2034 1622 2169 1665 non
2224 1602 2310 1666 sit
2358 1611 2592 1685 aptum
2653 1598 2827 1663 ultra
2887 1598 2956 1660 id

545 1705 776 1772 facere.

671 1857 876 1921 eratis
901 1858 1073 1922 enim
1101 1859 1452 1941 aliquando
1482 1859 1783 1933 tenebrae,
1814 1880 1984 1923 nunc
2009 1880 2158 1923 uero
2187 1861 2400 1923 lumen
2432 1857 2502 1922 in
2533 1857 2830 1921 Domino.

674 1981 801 2046 hoc
854 1995 955 2048 est
1002 1995 1076 2048 ut
1123 1987 1338 2050 dicat:
1401 1987 1843 2069 ‘ignorabatis
1893 1986 2114 2050 Deum
2141 2008 2156 2064 ;
2207 2006 2381 2050 nunc
2433 1996 2655 2049 autem
2710 2003 2956 2066 cogno-

543 2090 764 2154 uistiS.’
832 2090 1002 2153 bene
1049 2092 1487 2172 ignorantiam
1537 2093 1807 2174 quidem
1854 2087 2233 2155 ‘tenebras’
2284 2090 2566 2167 uocauit,
2609 2089 2954 2151 scientiam

442 2208 511 2274 15
543 2214 717 2268 uer0,
767 2192 1094 2270 ‘lumen’;
1142 2214 1276 2257 non
1308 2195 1522 2257 solum
1556 2205 1826 2277 propter
1856 2216 2071 2259 rerum
2109 2195 2572 2269 differentiam,
2601 2193 2716 2257 sed
2767 2201 2835 2256 et
2882 2201 2957 2254 ut

542 2297 1121 2378 opportunissimis
1163 2298 1407 2361 abusus
1453 2300 1833 2362 nominibus
1875 2301 1959 2362 ad
2004 2302 2442 2364 eruditionem
2489 2321 2603 2363 eos
2649 2300 2960 2363 inuitaret

544 2398 880 2463 uirtutum.
970 2400 1147 2461 unde
1178 2409 1244 2462 et
1274 2401 1516 2464 adiecit
1544 2425 1556 2464 :

675 2562 1008 2635 tamquam
1022 2552 1168 2637 filii
1195 2552 1467 2619 luminis
1492 2557 1828 2621 ambulate.

675 2673 881 2749 ‘sicut
932 2686 1125 2748 decet
1186 2685 1331 2749 illos
1391 2686 1503 2769 qui
1568 2687 1633 2750 in
1695 2687 1945 2751 lumine
1990 2687 2395 2753 consistunt.'
2484 2698 2551 2753 et
2605 2689 2794 2752 aliter
2847 2689 2960 2751 illa

435 2803 520 2853 20
545 2792 894 2856 ostendere
925 2791 1197 2873 cupiens
1227 2812 1398 2873 quae
1431 2791 1576 2855 illos
1606 2793 1888 2855 deceant
1916 2817 1929 2855 ε

658 2943 929 3023 fructus
955 2942 1126 3004 enim
1163 2940 1456 3023 Spiritus
1486 2941 1556 3005 in
1587 2941 1766 3004 omni
1794 2941 2067 3005 bonitate
2095 2951 2157 3003 et
2186 2939 2440 3004 iustitia
2468 2952 2532 3005 et
2557 2942 2841 3007 ueritate.

676 3070 826 3133 ‘sed
860 3081 925 3134 et
958 3070 1129 3132 illius
1164 3069 1447 3152 Spiritus
1478 3051 1644 3132 tales
1677 3080 1830 3132 sunt
1860 3068 2293 3145 donationes;
2342 3069 2564 3151 itaque
2589 3071 2745 3134 talia
2769 3073 2964 3137 decet

547 3192 742 3254 agere
791 3193 909 3235 uos
958 3174 1069 3254 qui
1112 3172 1457 3254 accepistis
1490 3172 1775 3234 eundem
1810 3169 2168 3258 Spiritum.’
2260 3181 2327 3234 et
2357 3193 2692 3235 recurrens
2724 3173 2961 3235 iterum

549 3278 632 3340 ad
669 3276 1053 3358 exemplum
1086 3278 1264 3358 quod
1299 3297 1455 3338 usus
1487 3286 1622 3338 est:

619 3463 644 3511 7
681 3448 761 3497 hic
784 3464 861 3495 om
885 3448 952 3495 H
1129 3461 1184 3509 17
1221 3447 1373 3496 adicit
1403 3449 1447 3496 C
1639 3462 1701 3497 ατ
1737 3456 1786 3497 et
1809 3464 1885 3495 om
1911 3449 1978 3496 H
2164 3464 2224 3509 24
2259 3463 2360 3511 quo
2386 3445 2498 3510 (for
2516 3447 2672 3511 quod)
2704 3447 2747 3496 C
2767 3447 2914 3507 (corr)

622 3619 663 3651 1.
732 3600 818 3648 hoc
870 3600 1004 3647 enim
1064 3602 1233 3658 scitote,
1294 3600 1630 3664 cognoscentes]
1656 3623 1699 3643 =
1811 3601 1952 3651 reads
1966 3601 2241 3665 strangely3
2266 3600 2444 3649 should
2464 3615 2537 3648 we
2555 3606 2740 3649 correct
2754 3602 2970 3663 poenas?

552 3686 696 3732 τοῦτο
733 3687 831 3746 γὰρ
868 3685 973 3731 ἴστε
1006 3682 1335 3745 γινώσκοντες.
1404 3685 1473 3734 So
1509 3683 1709 3747 Chrys.;
1813 3680 2107 3729 WithTh.’s
2122 3680 2446 3743 explanation
2461 3678 2576 3728 οἶὸς
2591 3681 2727 3728 ἐστιν
2741 3683 2961 3732 εἰδωλολ.

553 3766 728 3824 Thdt.,
753 3781 818 3813 on
838 3765 921 3815 the
945 3767 1087 3814 other
1111 3766 1260 3825 hand,
1286 3782 1495 3829 appears
1512 3775 1564 3813 to
1581 3765 1709 3815 have
1810 3763 1871 3812 cf.
1898 3762 2101 3825 Chrys:
2138 3762 2402 3821 ἀφίσταται
2428 3763 2524 3809 ἀπὸ
2547 3762 2632 3809 τοῦ
2650 3763 2758 3810 θεοῦ
2776 3762 2802 3810 ὁ
2819 3764 2967 3811 πλεο-

554 3846 670 3896 read
695 3847 822 3895 ἐστέ.
1809 3847 1975 3905 νέκτης
2014 3846 2232 3905 καθάπερ
2272 3844 2298 3893 ὁ
2330 3845 2547 3891 εἰδωλολ.
2618 3844 2749 3892 Both
2786 3844 2967 3908 Chrys.

620 3946 667 3978 α.
735 3929 868 3993 quod
904 3936 971 3977 cst
1018 3929 1131 3976 idol.
1184 3927 1418 3988 seruitus]
1489 3926 1710 3991 Perhaps
1809 3929 1909 3976 and
1939 3926 2093 3976 Thdt.
2130 3927 2201 3975 ad
2228 3926 2278 3974 h.
2314 3926 2349 3973 l.
2385 3925 2524 3989 aptly
2558 3925 2682 3973 refer
2720 3932 2773 3974 to
2810 3925 2963 3977 Matt.

553 4012 679 4061 from
697 4012 779 4061 the
799 4012 946 4060 Latin
963 4013 1197 4070 versions,
1218 4012 1353 4059 since
1368 4013 1415 4060 ὅς
1432 4013 1563 4059 ἐστιν
1580 4012 1708 4059 εἰδω-
1811 4010 1875 4056 vi.
1904 4026 1982 4070 ²4·
2055 4011 2150 4059 See
2184 4008 2325 4057 Th.’s
2364 4023 2545 4056 comm.
2580 4024 2647 4057 on
2689 4007 2802 4057 Col.
2831 4008 2901 4057 iii.
2936 4023 2964 4073 5

554 4092 809 4155 λωλάτρης
832 4094 872 4141 is
896 4093 979 4142 the
1004 4093 1209 4155 reading
1232 4092 1289 4140 of
1312 4093 1507 4155 Chrys.‚
1533 4092 1709 4149 Thdt.,
1815 4091 2016 4154 (infra).

552 4176 652 4224 and
691 4175 776 4223 the
808 4174 952 4222 other
990 4173 1092 4222 Gk.
1132 4182 1532 4222 commentators.
1610 4173 1707 4223 Yet
1879 4189 1954 4224 21.
2013 4173 2221 4237 fructus
2241 4173 2372 4221 enim
2397 4170 2637 4234 Spiritus]
2689 4170 2797 4220 Our
2813 4178 2969 4221 trans·

553 4257 616 4306 cs.
644 4257 787 4305 Th.'s
810 4273 988 4305 comm.
1016 4255 1194 4313 below,
1223 4255 1256 4304 l.
1287 4275 1330 4317 4.
1816 4253 1957 4312 lator,
1998 4254 2033 4302 it
2069 4254 2171 4301 will
2212 4253 2275 4301 be
2314 4251 2571 4310 observed,
2611 4252 2653 4299 is
2686 4250 2880 4300 faithful
2918 4261 2970 4300 to

617 4362 662 4402 4,
696 4354 742 4403 5.
817 4339 1127 4388 auaritiae...
1143 4337 1378 4399 auertere]
1443 4338 1706 4393 Lansmnc,
1817 4333 1958 4382 Th.'s
1981 4342 2099 4390 text,
2129 4333 2213 4381 the
2237 4333 2486 4394 authority
2509 4331 2567 4379 of
2584 4331 2667 4379 the
2692 4331 2839 4379 Latin
2863 4346 2968 4380 ver·

555 4421 741 4469 Robert
765 4420 823 4469 of
842 4421 897 4468 B.
1814 4416 1946 4464 sions
1970 4416 2067 4463 and
2096 4414 2277 4463 fathers
2301 4412 2762 4476 notwithstanding.

620 4519 665 4561 4.
743 4517 889 4547 auar-
959 4507 1119 4547 autem
1178 4499 1397 4564 pondus]
1508 4501 1708 4548 Pondus
