3293 5233
359 381 406 447 1.
445 395 542 460 21,
578 382 706 467 22.]
1012 411 1018 418 ·
1100 397 1182 468 m
1231 396 1336 448 ΕΡ.
1382 397 1484 447 AD
1530 396 2049 449 comssssNssss.
2207 465 2212 470 Δ
2650 396 2774 464 277

352 568 514 634 illud
547 569 727 653 quod
759 570 1062 636 dixerat:
1108 571 1179 636 in
1211 571 1342 655 zpso
1361 582 1574 636 creata
1593 582 1753 636 sunt
1775 570 2013 649 omnia,
2035 591 2197 654 quae
2225 564 2297 636 z’n
2325 565 2526 636 caelzir‘
2541 579 2700 634 sunt
2716 580 2780 634 et

351 689 518 752 quae
539 681 731 752 super
756 682 1016 749 terram,
1049 672 1175 737 hoc
1207 674 1273 736 in
1306 672 1452 737 loco
1490 674 1760 737 iterasse
1789 674 2090 752 uidetur;
2144 683 2211 737 et
2251 681 2445 737 caute
2473 691 2775 755 compro-

356 773 542 837 bauit
587 777 905 857 quoniam
947 776 1032 840 de
1072 776 1308 840 eodem
1347 777 1549 840 etiam
1596 777 1730 840 illic
1773 778 2050 841 uerbum
2095 778 2326 842 fecisse
2365 777 2645 854 uidetur,
2689 758 2776 842 de

356 896 489 958 quo
530 878 733 941 etiam
775 887 842 942 et
882 878 1009 942 hoc
1050 879 1117 942 in
1167 878 1315 944 loco
1360 879 1610 944 dixisse
1656 881 1838 945 uisus
1882 891 2003 958 est,
2034 902 2235 965 quem
2281 890 2350 946 et
2378 881 2774 965 primogeni-

356 988 494 1042 tum
533 999 613 1042 ex
638 981 913 1045 mortuis
943 982 1317 1060 nominanS,
1350 983 1777 1048 manifestum
1808 994 1910 1050 est
1950 985 2290 1051 hominem
2321 1000 2702 1073 susceptum
2734 1010 2775 1053 a
2814 998 2880 1065 ,5

360 1081 552 1145 Patre
581 1083 676 1146 sic
712 1104 1002 1150 uocasse.
1090 1085 1156 1148 in
1198 1084 1300 1149 his
1342 1086 1540 1169 igitur
1578 1096 1645 1151 et
1688 1088 1804 1153 illa
1832 1109 2001 1174 quae
2042 1110 2200 1174 erga
2236 1091 2572 1158 Christum
2618 1105 2774 1159 sunt

354 1189 714 1252 ostendens
784 1209 1030 1272 magna
1099 1199 1166 1253 et
1239 1190 1799 1273 supereminentia
1857 1201 1925 1256 et
1985 1193 2199 1258 multo
2260 1195 2511 1259 maiora
2568 1218 2772 1279 quam

255 1325 283 1364 ·.
314 1323 323 1333 ·
355 1287 649 1353 humana
678 1291 803 1354 sibi
843 1291 1139 1355 uindicat
1169 1302 1421 1368 natura,
1451 1302 1519 1356 et
1551 1293 1821 1375 quidem
1853 1303 1922 1357 et
1951 1295 2480 1378 magnitudinem
2514 1298 2772 1362 illorum

354 1407 527 1470 quae
581 1412 699 1474 per
742 1413 895 1456 eum
937 1403 1091 1457 sunt
1139 1393 1442 1457 confecta
1489 1415 1580 1458 ex
1629 1394 1757 1458 illis
1798 1416 1970 1478 quae
2013 1398 2350 1479 generalia
2394 1408 2549 1463 sunt
2594 1399 2772 1463 suffi-

356 1494 605 1559 cienter
632 1496 914 1561 edocuit.
974 1499 1302 1562 conuertit
1333 1518 1490 1562 uero
1521 1497 1694 1562 ultra
1725 1499 2000 1562 uerbum
2026 1501 2111 1563 ad
2143 1521 2370 1565 eorum
2402 1522 2774 1585 personam,
2809 1518 2887 1566 10

358 1616 439 1661 eo
499 1599 679 1681 quod
748 1600 944 1682 potiti
1014 1599 1290 1664 fuissent
1361 1600 1522 1665 illud
1593 1602 1989 1667 beneficium
2050 1605 2231 1687 quod
2292 1607 2359 1669 in
2420 1627 2773 1674 commune

358 1704 668 1767 omnibus
698 1703 1036 1768 conlatum
1069 1715 1187 1781 est,
1222 1705 1314 1768 ita
1344 1713 1418 1768 ut
1465 1724 1599 1768 non
1643 1705 1862 1769 solum
1907 1726 1998 1770 ex
2043 1708 2511 1773 communione
2541 1731 2657 1775 eos
2687 1713 2773 1776 ad

359 1806 792 1870 reuerentiam
841 1806 1198 1870 adduceret
1247 1816 1319 1871 ut
1367 1808 1455 1871 ab
1501 1807 1614 1870 illa
1660 1807 1791 1871 fide
1839 1829 2011 1890 quae
2055 1809 2123 1872 in
2173 1809 2441 1875 Christo
2485 1821 2586 1875 est
2639 1833 2774 1876 non

357 1905 788 1984 discederent,
836 1908 952 1971 sed
1004 1917 1070 1972 et
1123 1908 1208 1971 de
1257 1909 1381 1972 illis
1431 1930 1604 1991 quae
1651 1911 2016 1974 secundum
2067 1932 2183 1975 eos
2229 1922 2402 1989 sunt,
2445 1913 2774 1996 siquidem

359 2018 427 2073 et
459 2010 584 2093 ipsi
615 2012 874 2094 magnis
902 2021 1058 2075 sunt
1089 2011 1420 2076 beneficiis
1449 2032 1603 2075 cum
1635 2013 1868 2077 ceteris
1899 2013 2277 2080 sublimati:
2813 2032 2883 2100 15

489 2169 553 2223 et
599 2180 711 2222 uos
761 2159 1112 2243 aliquando
1161 2180 1305 2224 cum
1356 2160 1571 2224 essetis
1618 2161 1896 2224 alienati
1933 2171 1996 2224 et
2046 2160 2300 2225 inimici
2344 2161 2658 2228 intellectu
2707 2163 2776 2227 in

360 2260 648 2341 operibus
706 2262 914 2338 malis,
977 2282 1148 2324 nunc
1202 2282 1352 2325 uero
1410 2263 1848 2326 reconciliauit
1905 2262 1974 2325 in
2032 2273 2281 2344 corpore
2341 2264 2561 2327 carnis
2624 2286 2780 2350 suae

344 2375 469 2447 per
514 2377 796 2445 mortem,
851 2378 926 2431 ut
972 2367 1287 2431 exhiberet
1335 2387 1448 2429 uos
1496 2375 1747 2431 sanctos
1794 2377 1857 2430 et
1907 2366 2352 2430 immaculatos
2393 2377 2455 2431 et
2501 2368 2674 2450 iures
2681 2383 2780 2433 re-

343 2470 695 2535 -hensibiles
736 2493 951 2535 coram
993 2493 1073 2536 se.

489 2590 789 2655 similiter
837 2590 1253 2673 sequentiam
1314 2591 1573 2654 illorum
1633 2610 1806 2673 quae
1865 2590 1928 2654 in
1994 2587 2435 2673 Ephesiorum
2497 2590 2779 2674 epistola
2806 2608 2890 2655 20

359 2697 724 2778 scripserat,
764 2696 967 2759 etiam
998 2693 1104 2758 hic
1146 2715 1443 2758 seruasse
1484 2694 1788 2770 uidetur;
1853 2715 2010 2757 nam
2056 2703 2123 2756 et
2169 2695 2235 2756 in
2284 2694 2410 2757 illis
2452 2694 2565 2757 illa
2604 2716 2777 2777 quae

362 2798 448 2861 de
482 2798 745 2862 Christo
787 2807 940 2860 sunt
982 2798 1286 2879 primitus
1331 2795 1681 2878 magnifice
1723 2795 2026 2872 referenS,
2065 2796 2221 2860 dein
2259 2796 2550 2858 adiciens
2591 2795 2775 2858 illam

362 2900 675 2963 ecclesiae
735 2900 1224 2982 copulationem
1285 2920 1456 2982 quae
1517 2897 1602 2961 ad
1664 2919 1816 2961 eum
1877 2899 2053 2963 facta
2111 2908 2228 2974 est,
2284 2900 2371 2963 ad
2433 2900 2546 2964 illa
2604 2922 2776 2983 quae

363 3002 676 3084 specialia
734 3011 890 3065 sunt
959 3000 1301 3077 transiens,
1361 3011 1766 3064 memoratus
1832 3010 1931 3064 est
1992 3021 2306 3082 personas
2368 3000 2627 3064 illorum
2688 3002 2774 3065 ad

362 3128 531 3189 quos
590 3106 940 3189 epistolam
1011 3105 1358 3181 scribebat,
1419 3105 1687 3168 dicens:
1759 3114 1822 3167 et
1888 3125 2000 3166 uos
2059 3102 2302 3167 mortui
2361 3125 2505 3167 cum
2561 3105 2778 3168 essetis·
2805 3127 2839 3172 2
2847 3123 2882 3190 5

359 3211 606 3276 delictis
632 3222 695 3274 et
704 3209 980 3293 peccatis·
1009 3208 1255 3284 uestrzlr,
1284 3208 1353 3271 in
1383 3206 1613 3290 quibus
1640 3207 1990 3289 aliquando
2019 3205 2405 3270 ambulastis
2430 3208 2775 3272 secundum

356 3313 678 3377 saeculum
720 3313 951 3376 mundi
988 3312 1202 3388 leuius,
1235 3319 1302 3374 et
1332 3320 1565 3377 cetera.
1655 3311 1747 3373 sic
1788 3318 1855 3374 et
1895 3309 2022 3373 hoc
2053 3309 2119 3371 in
2161 3309 2307 3373 loco
2339 3309 2623 3373 referens
2662 3310 2775 3375 illa

360 3440 532 3501 quae
582 3416 947 3481 secundum
1010 3414 1345 3481 Christum
1398 3424 1567 3490 sunt,
1616 3413 1808 3477 sicuti
1869 3423 1936 3476 et
1988 3412 2208 3476 referri
2269 3412 2773 3491 conueniebant,

360 3520 602 3585 deinde
633 3519 924 3583 adiciens
964 3518 1147 3581 illam
1189 3517 1504 3582 ecclesiae
1544 3516 2037 3600 copulationem
2080 3537 2252 3598 quae
2293 3515 2378 3579 ad
2411 3536 2561 3579 eum
2595 3516 2772 3581 facta

460 3699 487 3732 α
522 3682 868 3747 comprobabit
897 3680 966 3731 C*
1147 3694 1174 3742 7
1209 3681 1370 3731 multa
1395 3681 1466 3731 C*
1650 3682 1679 3729 8
1716 3689 1765 3731 et
1791 3679 1878 3744 (αθ)
1903 3696 1982 3729 om
2011 3681 2054 3730 C
2075 3681 2224 3742 (corr)
2410 3696 2464 3744 15
2499 3680 2668 3745 magni
2696 3680 2768 3730 C*

365 3780 423 3829 27
459 3768 511 3816 in
533 3767 629 3816 hoc
652 3766 765 3816 loco
788 3783 820 3815 r

427 3932 473 3964 α.
522 3916 606 3965 Ιιοι·
629 3916 686 3964 in
709 3915 803 3963 loco
815 3915 1011 3964 iterasse
1028 3915 1248 3974 uidetur]
1295 3915 1406 3973 I.e.,
1427 3914 1512 3963 the
1612 3914 1654 3964 is
1676 3931 1705 3963 a
1728 3914 1947 3978 singular
1968 3913 2164 3977 phrase,
2186 3914 2284 3962 and
2311 3913 2530 3979 possibly
2547 3929 2610 3962 an
2636 3930 2770 3966 error

360 4015 470 4048 new
488 4002 707 4048 creation
730 3995 1014 4059 [ἀνάκτισις]
1039 3997 1089 4045 in
1106 3997 1276 4046 Christ
1300 3996 1509 4045 referred
1610 3994 1688 4043 for
1709 4011 1829 4043 susc.
1859 4011 1891 4042 a
1927 3995 2090 4042 Verbo.

360 4091 412 4132 to
438 4084 486 4132 in
505 4099 551 4130 v.
577 4080 634 4131 16
658 4082 699 4130 is
721 4081 956 4130 identical
973 4081 1094 4130 with
1118 4081 1202 4129 the
1225 4080 1509 4128 reconcilia·
1685 4094 1756 4140 15.
1816 4077 2095 4139 sublimate]
2182 4076 2264 4128 Cf.
2331 4077 2553 4138 Riinsch,
2609 4079 2760 4140 Itala,

357 4166 463 4215 tion
487 4164 701 4228 through
727 4165 849 4212 nim
881 4163 980 4212 and
1013 4170 1066 4212 to
1099 4163 1224 4210 Him
1251 4162 1509 4211 described
1610 4176 1659 4224 p.
1697 4158 1803 4225 169.

356 4248 407 4297 in
433 4264 480 4296 v.
506 4263 586 4297 20.
657 4246 786 4294 Both
812 4246 1039 4295 embrace
1060 4245 1225 4307 lhings
1249 4244 1306 4291 in
1329 4245 1509 4292 lec-aven
1684 4239 1759 4290 16.
1827 4239 2085 4300 intellectu]
2174 4235 2238 4300 τῇ
2290 4239 2490 4300 διανοίᾳ.
2588 4240 2760 4304 Vulg.‚

357 4346 412 4378 as
443 4328 555 4377 well
587 4344 642 4375 as
677 4327 842 4389 things
875 4342 937 4373 on
972 4325 1130 4385 carth,
1165 4325 1263 4373 and
1300 4324 1350 4372 in
1387 4325 1508 4373 both
1615 4321 1859 4371 “sensu.’'
1934 4323 2000 4371 Ut
2040 4321 2317 4377 exhiberem
2367 4321 2540 4385 Vulg„
2582 4325 2764 4372 “exhi.

358 4412 393 4459 it
418 4410 458 4459 is
481 4410 566 4459 the
599 4409 739 4457 homo
765 4414 1008 4471 susceptus
1030 4407 1145 4455 who
1168 4407 1209 4455 is
1232 4407 1315 4456 the
1342 4416 1510 4456 centre
1609 4405 1727 4454 bere
1742 4404 1771 4423 '’
1797 4400 2166 4466 (παραστῆσαι).

356 4490 456 4540 and
486 4489 664 4553 sphere
695 4487 753 4538 of
782 4487 866 4538 the
895 4486 1051 4536 work.
1124 4488 1258 4536 Susc.
1298 4503 1329 4535 a
1363 4487 1513 4536 Patre
1678 4504 1701 4536 2
1712 4502 1756 4549 5.
1812 4494 1857 4534 et
1880 4481 1963 4536 izos
1988 4484 2184 4544 mortui,
2214 4483 2328 4545 δια]
2398 4485 2530 4548 Eph.
2557 4485 2608 4534 ii.
2640 4503 2680 4535 1.
