3293 5233
485 2090 555 2157 15

575 378 708 444 286

1222 387 1678 441 THEODORUS
1726 382 2310 438 MOPSUESTENUS

2651 367 2770 452 [ΙΙ.
2802 381 2860 447 9,
2899 380 2985 428 10.

703 556 1008 641 quoniam
1068 557 1139 621 in
1199 558 1330 641 ipso
1368 556 1717 621 ‘inhabitat
1770 556 1982 621 omnis
2037 555 2373 639 plenitudo
2430 554 2811 620 diuinitatis
2855 572 2988 617 τον-

557 660 890 743 poraliter.

703 798 950 841 omnem
986 775 1458 858 plenitudinem
1496 775 1762 840 deitatis
1799 775 1926 839 hoc
1969 776 2036 838 in
2082 775 2231 839 loco
2275 776 2513 841 iterum
2545 774 2708 840 dicit
2736 772 2992 836 uniuer-

574 897 719 942 sam
751 887 1118 941 creaturam
1151 878 1470 959 repletam
1502 878 1588 941 ab
1620 898 1738 957 eo;
1766 878 1931 941 dicit
1962 877 2138 941 enim
2171 878 2357 942 illum
2389 897 2656 941 sensum
2688 894 2887 959 quem
2926 875 2991 936 in

514 982 1018 1065 5superioribus
1067 983 1367 1064 posuisse
1418 982 1599 1043 uisus
1653 990 1771 1056 est,
1826 981 2143 1063 quoniam
2198 982 2411 1045 omnis
2449 990 2748 1044 creatura
2796 979 2861 1040 in
2916 997 2995 1041 eo

577 1085 923 1160 inhabitat,
955 1084 1081 1148 hoc
1127 1093 1245 1159 est,
1290 1085 1414 1166 ipsi
1461 1083 1814 1147 coniuncta
1859 1093 1977 1156 est,
2025 1093 2092 1148 et
2137 1087 2325 1168 quasi
2379 1087 2719 1168 quoddam
2761 1102 2994 1166 corpus

578 1190 644 1252 in
687 1210 758 1253 se
798 1190 1038 1252 retinet
1077 1197 1403 1270 aptatum,
1436 1198 1709 1270 propter
1748 1187 1931 1250 illam
1970 1187 2464 1271 copulationem
2510 1209 2681 1272 quae
2727 1188 2812 1251 ad
2844 1205 2994 1249 eum

579 1299 696 1354 est.

785 1291 1351 1372 quemadmodum
1406 1310 1562 1371 ergo
1622 1289 2095 1353 inconueniens
2154 1299 2256 1354 est
2316 1292 2660 1354 intendere
2720 1288 2812 1352 illi
2884 1286 3004 1371 qui

581 1390 710 1455 alia
750 1392 963 1467 docet,
995 1400 1458 1476 praeterquam
1500 1392 1680 1473 quod
1738 1391 1845 1454 ille
1891 1392 2135 1470 docuit,
2171 1393 2237 1455 in
2283 1412 2483 1475 quem
2530 1393 2756 1455 omnia
2800 1410 2997 1472 coap-

478 1512 557 1559 10
582 1503 725 1557 tata
776 1504 930 1558 sunt
977 1503 1044 1557 et
1093 1492 1443 1575 copulata!
1529 1494 1658 1556 hoc
1703 1495 1878 1557 enim
1923 1504 2025 1558 est
2074 1517 2114 1558 a
2166 1497 2503 1560 communi
2551 1515 2875 1559 consensu
2929 1513 3002 1557 se

583 1603 799 1683 ipsum
848 1608 1242 1661 extraneum
1281 1596 1515 1662 facere.

582 1703 747 1766 tiam
780 1699 1028 1762 faciens
1058 1700 1340 1763 adiecit:

1607 1606 1676 1662 et
1724 1598 2203 1662 euidentiorem
2258 1600 2472 1681 ipsam
2532 1598 3003 1662 inconuenien-

711 1859 775 1913 et
799 1848 952 1912 estis
991 1848 1061 1911 in
1107 1847 1215 1912 illo
1255 1847 1488 1931 repleti,
1518 1847 1636 1931 qui
1670 1858 1765 1912 est
1799 1857 1988 1931 caput
2022 1848 2235 1911 omnis
2262 1847 2672 1932 principatus
2708 1858 2771 1912 et
2797 1855 3005 1929 potes·

585 1950 760 2015 tatis,

718 2070 1059 2133 euidenter
1106 2067 1235 2146 illa,
1289 2089 1462 2151 quae
1510 2068 1575 2131 in
1624 2068 2070 2150 superioribus
2123 2070 2306 2135 dicta
2358 2070 2634 2147 fuerant,
2689 2087 3005 2150 compen-

588 2175 773 2237 diose
820 2175 1054 2236 iterum
1101 2174 1231 2236 ait:
1277 2176 1293 2205 ‘
1321 2173 1567 2237 etenim
1615 2181 1683 2235 et
1728 2193 1847 2235 uos
1893 2193 2044 2235 eum
2091 2172 2414 2237 habentes
2461 2175 2528 2236 in
2572 2173 2780 2248 uobiS,
2818 2172 3007 2253 digni

591 2275 747 2339 estis
778 2274 987 2337 habiti
1020 2275 1159 2336 eius
1190 2273 1613 2355 copulationi,
1645 2274 1758 2356 qui
1806 2284 1875 2338 et
1919 2276 2227 2338 omnibus
2265 2275 2703 2340 inuisibilibus
2744 2273 3008 2338 uirtuti-

1221 2440 1253 2490 6
1286 2440 1478 2490 habitat
1502 2458 1532 2490 r

1024 2524 1081 2574 16
1115 2525 1252 2573 aiunt
1277 2540 1309 2572 r

693 2456 720 2504 5
754 2442 805 2491 in
829 2457 944 2490 eum
971 2439 1043 2490 C*

590 2526 744 2576 adicit
771 2526 815 2574 C

665 2696 708 2738 1,
734 2695 779 2744 3.
845 2678 1156 2735 diuinitatis,
1180 2678 1397 2739 deitatis]
1464 2679 1573 2729 Our
1595 2686 1751 2728 trans-

596 2763 725 2812 lator
754 2761 946 2811 follows
976 2761 1061 2809 the
1094 2760 1243 2809 Latin
1274 2761 1565 2809 authorities
1592 2761 1643 2809 in
1668 2761 1752 2811 the

597 2851 716 2904 text,
744 2846 832 2894 but
855 2845 907 2893 in
932 2844 1016 2893 the
1039 2851 1291 2893 comment
1316 2844 1498 2892 throws
1522 2842 1598 2891 off
1624 2842 1753 2891 their

598 2928 866 2986 trammels,
889 2927 988 2975 and
1013 2934 1290 2989 represents
1320 2927 1404 2985 τῆς
1436 2926 1658 2983 θεότητος
1685 2925 1753 2988 by

599 3010 663 3059 its
697 3026 835 3059 more
866 3009 1054 3073 precise
1087 3007 1388 3072 equivalent.
1462 3007 1546 3057 On
1581 3006 1751 3062 deitas,

599 3108 680 3142 see
706 3094 835 3155 Aug.
859 3092 917 3140 de
937 3091 1071 3139 civit.
1094 3090 1181 3138 vii.
1211 3105 1229 3137 1
1261 3089 1410 3149 (cited
1443 3089 1509 3151 by
1533 3087 1749 3146 Trench,

600 3177 787 3238 Synon.
820 3173 921 3221 and
942 3172 1010 3235 by
1035 3172 1310 3235 Lightfoot‚
1339 3171 1410 3217 ad
1427 3170 1477 3217 Ιι.
1503 3167 1602 3230 l.).·
1644 3169 1756 3216 The

600 3257 739 3304 word
777 3256 817 3303 is
857 3253 1010 3302 found
1048 3253 1154 3301 also
1192 3253 1245 3300 in
1285 3250 1538 3299 Arnobius
1572 3250 1672 3297 and
1703 3249 1753 3297 in

603 3340 657 3387 S.
677 3338 897 3401 Jerome.

669 3433 715 3478 3.
782 3415 902 3462 dicit
943 3414 1233 3461 uniuersam
1279 3409 1579 3469 creaturam]
1660 3408 1757 3456 See

602 3497 761 3545 above
788 3512 853 3544 on
886 3511 928 3543 c.
954 3495 988 3542 i.
1019 3510 1092 3558 19,
1127 3494 1225 3541 and
1256 3500 1399 3540 notes
1430 3491 1584 3540 there.
1654 3487 1750 3538 Th.

602 3581 720 3628 here
765 3578 947 3642 prefers
980 3576 1064 3625 the
1098 3576 1252 3623 wider
1295 3573 1672 3637 interpretation
1706 3573 1763 3621 of

606 3662 843 3721 πλήρωμα
879 3659 950 3723 (p.
984 3670 1095 3720 275,
1131 3657 1166 3705 l.
1199 3657 1446 3715 11)—‘all
1490 3663 1665 3704 nature
1703 3671 1757 3704 as

606 3739 824 3790 restored
868 3738 969 3786 and
1010 3737 1233 3786 reunited
1280 3743 1332 3784 to
1378 3735 1493 3785 God
1541 3734 1756 3797 through

607 3822 691 3871 the
726 3821 865 3868 homo
897 3815 1174 3881 susceptus.’
1243 3817 1269 3865 1
1306 3824 1486 3865 cannot
1524 3816 1628 3864 find
1660 3817 1759 3864 this

605 3903 732 3952 view
756 3901 805 3949 in
837 3899 1131 3949 connection
1163 3899 1282 3947 with
1313 3898 1397 3946 the
1428 3905 1624 3962 present
1655 3904 1758 3945 text

606 3981 861 4033 advanced
884 3997 941 4029 or
963 3995 1086 4030 even
1115 3978 1313 4028 alluded
1340 3984 1391 4026 to
1414 3978 1478 4042 by
1502 3993 1598 4040 any
1616 3977 1760 4025 other

607 4067 803 4115 ancient
849 4068 1225 4111 commentator.
1311 4059 1464 4106 Thdt.
1512 4058 1661 4106 refers
1706 4064 1758 4104 to

607 4150 691 4198 the
720 4145 926 4210 opinion
956 4144 1014 4191 of
1039 4141 1255 4191 ‘certain
1288 4139 1537 4189 tenchers'
1568 4141 1677 4187 that
1707 4139 1758 4185 ἐν

607 4226 737 4288 αὐτῷ
791 4227 832 4275 is
886 4225 1122 4274 here=e¹v
1177 4219 1240 4283 τῇ
1293 4220 1539 4281 ἐκκλησίᾳ,
1590 4219 1759 4268 Christ

606 4311 756 4373 being
780 4316 867 4373 put
892 4306 967 4354 for
992 4305 1089 4354 His
1112 4302 1335 4367 mystical
1362 4303 1521 4365 Body.
1580 4300 1757 4363 Chrys.

608 4399 784 4455 quotes
807 4405 836 4436 a
860 4402 1031 4436 nearer
1054 4386 1257 4449 parallel
1281 4402 1293 4433 :
1328 4382 1474 4431 ἄλλοι
1504 4383 1652 4444 φασὶν
1684 4380 1761 4429 ὅτι

607 4470 695 4530 τὴν
749 4466 1008 4527 ἐκκλησίαν
1060 4465 1196 4525 λέγει
1246 4462 1624 4524 πεπληρωμένην
1670 4461 1761 4509 ὑπὸ

1723 2441 1753 2489 8
1787 2442 1905 2505 quia
1930 2441 2044 2506 (sor
2062 2442 2167 2506 qui)
2194 2459 2225 2491 r

1506 2536 1561 2587 17
1595 2524 1710 2573 uirt.
1733 2524 1879 2574 inuis.
1904 2527 1972 2575 H

2402 2457 2434 2507 9
2467 2448 2647 2506 coapta
2673 2439 2743 2490 C*
2951 2451 3007 2488 ¹2

1852 2665 1937 2722 τῆς
1984 2664 2207 2722 θεότητος
2250 2664 2395 2712 αὐτοῦ
2437 2662 2614 2726 (citing
2658 2661 2788 2726 Eph.
2832 2662 2866 2709 i.
2907 2663 3010 2726 23).

1852 2748 1908 2795 τὸ
1949 2749 2000 2796 δὲ
2037 2746 2372 2801 σωματικῶς
2410 2741 2614 2792 ἐνταῦθα
2645 2744 2706 2792 ὡς
2733 2744 2786 2791 ἐν
2816 2742 3018 2802 κεφαλῇ

1853 2831 2006 2887 σῶμα.
2083 2828 2168 2876 He
2208 2826 2385 2890 rejects
2415 2826 2515 2874 this
2544 2824 2921 2889 interpretation
2959 2825 3022 2874 of

1853 2913 2110 2973 πλήρωμα,
2134 2910 2222 2956 but
2245 2908 2517 2957 somewhat
2537 2906 2911 2969 inconsistently
2930 2921 3015 2955 ae·

1853 2999 1992 3056 cepts
2033 2991 2118 3039 the
2162 3006 2304 3039 sense
2346 2988 2510 3038 which
2553 2989 2692 3038 these
2735 2988 3020 3053 expositors

1851 3088 1977 3134 gave
2001 3080 2053 3119 to
2077 3070 2372 3127 σωματικῶς.
2444 3067 2590 3117 Th.‘s
2614 3068 2937 3132 explanation
2961 3068 3023 3119 of

1855 3170 1979 3211 σωμ.
2012 3152 2052 3201 is
2083 3150 2270 3199 similar
2306 3149 2516 3213 (“quasi
2547 3150 2801 3213 quoddam
2831 3165 3016 3213 corpus

1857 3236 1906 3283 in
1948 3251 1999 3283 se
2050 3234 2227 3283 retinet
2274 3229 2555 3295 aptatum,’'
2600 3231 2634 3279 1.
2675 3230 2744 3291 6),
2791 3233 2878 3280 but
2927 3248 3016 3282 ex-

1857 3317 2057 3373 tended,
2088 3332 2141 3363 as
2171 3315 2248 3363 his
2271 3315 2397 3363 view
2419 3313 2479 3362 of
2504 3310 2741 3376 πλήρωμα
2772 3314 3012 3378 requireS,

1858 3406 1909 3448 to
1943 3400 2027 3447 the
2061 3397 2278 3446 creation
2318 3405 2368 3445 at
2404 3397 2571 3460 large;
2615 3396 2679 3445 cf.
2715 3397 2793 3445 his
2824 3411 3016 3447 comm.

1858 3494 1924 3527 on
1951 3478 2078 3541 Eph.
2110 3478 2143 3526 i.
2175 3492 2246 3536 10,
2279 3493 2354 3539 ²3·

1925 3560 1973 3605 8.
2056 3557 2484 3622 quemadmodum]
2558 3557 2731 3606 Either
2776 3573 2876 3607 non
2920 3557 3017 3608 has

1860 3640 2009 3689 fallen
2050 3646 2136 3689 out
2176 3638 2343 3688 before
2383 3638 2750 3695 inconueniens,
2789 3639 2890 3687 and
2927 3639 3018 3689 the

1860 3732 2090 3771 sentence
2129 3720 2170 3769 is
2209 3737 2238 3769 a
2277 3720 2505 3783 question
2546 3720 2664 3783 (πῶς
2703 3723 2785 3769 οὐκ
2817 3719 3015 3779 ἄτοπον,

1861 3806 2057 3869 κ.τ.λ.);
2102 3822 2157 3853 or
2187 3805 2682 3869 quamnim-:quam
2708 3803 2823 3868 (ὡς).
2885 3806 3018 3855 Alia

1857 3891 2020 3944 docet;
2052 3888 2115 3937 cs.
2142 3905 2191 3951 p.
2218 3903 2263 3947 2,
2293 3888 2328 3936 1.
2355 3901 2432 3946 αι,
2460 3897 2596 3937 note.

1932 3970 2005 4019 16.
2072 3969 2604 4032 digeri...c0pulalioni]
2678 3969 2760 4019 Cf.
2788 3970 3010 4032 Ronsch,

1859 4053 2011 4108 Itala,
2036 4067 2085 4115 p.
2112 4067 2166 4112 41
2179 4066 2223 4113 3.

1932 4147 2005 4196 17.
2073 4135 2166 4198 qui
2186 4142 2232 4183 ct
2251 4150 2383 4183 omn.
2409 4132 2565 4181 inuis.
2592 4132 2737 4191 uiri„
2757 4130 2872 4192 δια]
2917 4133 3016 4183 See

1860 4232 1926 4265 on
1960 4233 2003 4265 c.
2029 4218 2063 4265 i.
2094 4216 2167 4275 16,
2197 4216 2294 4264 and
2318 4215 2381 4264 cf.
2406 4215 2562 4264 Thdt.
2587 4215 2657 4262 ad
2678 4215 2728 4262 h.
2758 4215 2819 4263 l.:
2862 4216 3017 4277 ἀγγέ-

1861 4299 1959 4361 λων
1997 4298 2048 4347 δὲ
2092 4297 2173 4346 καὶ
2213 4293 2537 4359 ἀρχαγγέλων
2585 4297 2710 4345 κατὰ
2748 4293 2837 4355 τὴν
2879 4298 3015 4345 θείαν

1863 4379 2006 4440 φύσιν
2030 4377 2265 4436 δεσπόζει.
