3293 5233
566 357 696 421 224
751 395 765 408 .
1233 352 1690 406 TflEoDoRus
1738 351 2325 405 morsm-:smnus
2599 337 2718 423 [11.
2759 356 2853 418 io,
2892 357 2991 406 ιτ.

565 523 782 607 ipsum
837 525 1088 590 multae
1141 524 1465 590 stultitiae
1511 523 1717 589 habet
1762 524 2266 608 probationem;
2318 523 2446 589 hoc
2491 525 2668 589 enim
2715 525 2993 609 quando

564 626 951 708 excogitare
1011 628 1231 711 potuit
1293 626 1611 703 Christus,
1673 628 1730 689 si
1791 636 2016 691 tamen
2079 627 2445 690 secundum
2508 626 2772 692 illorum
2839 650 2991 693 sen-

565 728 846 790 tentiam
888 729 1029 792 eius
1070 727 1326 793 factura
1367 738 1470 794 est
1511 750 1598 792 ex
1643 728 1847 791 nihilo
1888 727 2116 805 factm,
2151 729 2263 811 qui
2302 738 2371 793 et
2411 739 2750 794 auctorem
2792 751 2990 794 suum

564 829 692 892 scit
744 828 930 893 illum
986 850 1131 894 esse
1183 829 1504 894 factorem
1558 852 1752 894 suum
1813 840 1881 894 et
1935 829 2350 894 creatorem?
2447 830 2571 894 nisi
2633 831 2802 896 sorte
2859 831 2992 896 hoc

503 933 810 1023 5dicant,
872 936 1189 1016 quoniam
1248 933 1615 998 secundum
1677 933 2039 996 daemones
2098 953 2478 1015 exaequare
2530 954 2620 998 se‘
2656 935 2806 999 Deo
2854 957 2992 1000 non

566 1036 930 1118 usurpauit.
1020 1036 1200 1119 quod
1246 1034 1613 1099 haereticos
1655 1035 1927 1119 quidem
1970 1035 2282 1099 conuenit
2327 1034 2728 1119 intellegere,
2768 1038 2881 1120 qui
2923 1046 2993 1102 et

564 1154 829 1217 semper
867 1135 1067 1219 plena
1109 1137 1405 1200 insaniae
1448 1136 1653 1199 uerba
1694 1135 2092 1218 loquuntur;
2143 1136 2349 1201 Paulo
2373 1157 2532 1201 uero
2576 1158 2708 1202 non
2750 1159 2993 1204 conue-

567 1236 841 1300 niebant
885 1237 1053 1301 haec
1096 1238 1317 1315 uerba,
1350 1238 1541 1320 quasi
1590 1247 1662 1302 ut
1707 1238 1867 1321 quid
1915 1258 2231 1321 magnum
2280 1238 2527 1303 diceret
2571 1240 2658 1303 de
2705 1238 2990 1318 Christo,

566 1335 722 1401 licet
760 1338 923 1402 talia
961 1359 1108 1403 esse
1144 1340 1292 1422 quis
1330 1339 1507 1403 dicat
1539 1339 1654 1403 illa
1684 1360 1856 1422 quae
1889 1339 2252 1404 seeundum
2287 1340 2530 1405 Filium
2561 1351 2734 1420 sunt,
2768 1342 2994 1426 qualia

465 1462 543 1509 10
569 1438 663 1501 illi
694 1439 942 1506 dicunt.
1028 1442 1338 1507 uidentur
1386 1453 1611 1505 autem
1667 1463 1882 1525 neque
1919 1462 2192 1505 sensum
2239 1442 2526 1525 apostoli
2571 1445 2995 1527 perspexisse

567 1544 888 1610 dicentis:
934 1544 1306 1610 humilitate
1352 1566 1466 1609 uos
1508 1545 1952 1608 aestimantes
1994 1545 2388 1609 alterutrum
2432 1546 2612 1611 uobis
2650 1546 2995 1628 superemi-

568 1670 729 1713 nere.
827 1651 1102 1714 euidens
1155 1659 1259 1714 est
1304 1650 1489 1713 enim
1540 1649 1858 1732 quoniam
1907 1649 1974 1711 in
2025 1647 2207 1711 hisce
2252 1648 2472 1712 uerbis
2525 1669 2658 1713 non
2705 1650 2996 1713 minores

570 1752 767 1817 docet
818 1754 1121 1819 debitum
1175 1752 1497 1817 honorem
1559 1751 1921 1814 maioribus
1973 1750 2367 1834 persoluere,
2413 1752 2531 1815 sed
2578 1761 2996 1835 exaequatos

568 1858 820 1921 honore
859 1858 1179 1922 admonet
1219 1867 1293 1921 ut
1340 1876 1457 1939 per
1505 1853 1951 1917 humilitatem
2002 1853 2391 1918 alterutrum
2440 1875 2512 1918 se
2557 1855 2683 1919 sibi
2729 1875 2995 1938 supere·

467 1990 538 2055 15
574 1965 822 2027 minere
874 1962 1279 2026 existiment.
1378 1959 1556 2023 unde
1604 1966 1676 2021 et
1717 1958 2108 2021 alterutrum
2154 1959 2395 2041 posuit,
2445 1968 2519 2022 ut
2567 1967 2636 2022 et
2684 1958 2793 2022 isti
2837 1978 2998 2040 erga

571 2062 723 2126 illos
768 2071 837 2127 et
880 2063 973 2126 illi
1021 2082 1180 2145 erga
1224 2063 1388 2125 istos
1441 2062 1627 2144 paria
1671 2060 1953 2142 sapiant.
2041 2059 2130 2123 ad
2170 2058 2299 2122 hoc
2348 2059 2552 2123 etiam
2602 2059 2994 2142 exemplum

570 2179 838 2251 aptasse
907 2168 1086 2231 uisus
1155 2176 1276 2243 est,
1337 2164 1668 2246 siquidem
1739 2161 2064 2242 ChristuS,
2131 2163 2220 2226 ad
2292 2162 2556 2226 Patrem
2624 2162 2993 2226 secundum

570 2274 867 2337 diuinam
901 2283 1207 2336 naturam
1244 2267 1719 2351 aequalitatem
1765 2266 2128 2341 uindicanS,
2160 2265 2504 2347 adquieuit
2544 2264 2610 2328 in
2652 2265 2993 2328 hominem

571 2377 891 2451 habitare,
934 2386 1002 2440 et
1043 2377 1137 2438 sic
1179 2375 1496 2456 exiguam
1539 2371 1722 2453 apud
1754 2369 2057 2433 homines
2089 2368 2473 2452 opinionem
2506 2368 2870 2450 adquirere,
2903 2368 2997 2431 ita

460 2505 547 2554 20
574 2490 647 2544 ut
693 2501 815 2543 nec
860 2481 1289 2544 aestimarent
1332 2497 1486 2540 eum
1536 2474 1719 2538 aliud
1761 2473 1923 2556 quid
1969 2483 2128 2537 tunc
2167 2493 2312 2537 esse
2354 2483 2615 2556 praeter
2653 2474 2994 2538 hominem

571 2587 809 2663 solum,
859 2583 1041 2670 quod
1091 2592 1160 2648 et
1205 2602 1349 2647 esse
1403 2579 1794 2657 uidebatur;
1843 2576 2015 2642 ultra
2066 2597 2224 2641 uero
2274 2596 2406 2641 non
2455 2585 2597 2641 erat
2645 2585 2898 2659 aptum,
2941 2576 2996 2640 si

573 2692 828 2756 nullam
867 2689 1122 2753 habens
1153 2687 1238 2750 ad
1282 2687 1546 2750 Patrem
1580 2682 2074 2765 aequalitatem,
2108 2691 2538 2765 praeceptum
2572 2684 2998 2749 solummodo

573 2792 897 2877 implebat
934 2800 1171 2853 natura
1213 2789 1373 2872 ipsa,
1408 2797 1481 2851 ut
1521 2786 2014 2868 obtemperaret
2056 2782 2135 2859 ei,
2170 2784 2632 2847 necessitatem
2673 2783 2765 2847 illi
2809 2785 2999 2868 inpo-

573 2906 791 2959 nente.
884 2894 1111 2976 itaque
1146 2903 1215 2956 et
1252 2889 1603 2953 ridiculum
1645 2896 1791 2950 erat
1829 2885 2195 2949 secundum
2233 2885 2519 2969 apostoli
2558 2886 2994 2951 intentionem

462 3022 541 3090 25
575 3006 649 3060 ut
680 2996 928 3060 diceret
957 2995 1273 3078 quoniam
1316 3004 1384 3057 et
1429 2991 1730 3055 Christus
1773 3008 1907 3051 non
1951 2987 2307 3051 insurrexit
2347 2988 2667 3051 aduersus
2712 2988 2995 3066 Patrem,

577 3123 794 3186 neque
848 3110 1126 3166 conatus
1173 3109 1275 3163 est
1319 3117 1550 3180 rapere
1597 3093 1782 3157 illam
1830 3089 2305 3172 aequalitatem
2352 3111 2554 3173 quam
2601 3112 2753 3155 cum
2803 3090 2997 3155 Patre

680 3303 699 3337 ι
739 3287 906 3350 stultie
949 3285 1055 3346 (sic)
1097 3284 1164 3332 H
1462 3296 1490 3344 3
1524 3279 1799 3328 auditorem
1843 3274 1958 3338 (sor
1991 3274 2150 3334 auct.)
2190 3274 2257 3322 H
2554 3287 2579 3336 7
2614 3275 2846 3324 locuntur
2883 3275 3006 3323 CH

583 3383 642 3419 ιο
675 3368 776 3416 illie
805 3367 875 3416 C*
892 3367 958 3415 H
970 3382 1003 3414 r
1087 3365 1174 3413 illa
1204 3364 1248 3412 C
1268 3363 1415 3422 (corr)
1596 3375 1656 3410 xo
1688 3356 2028 3422 praespexisse
2051 3372 2084 3404 r
2271 3370 2323 3405 11
2362 3355 2694 3405 humilitatem
2718 3373 2752 3403 r
2939 3371 2994 3404 η

576 3451 812 3515 quoniam
835 3465 911 3496 om
938 3448 1004 3497 Η
1219 3447 1276 3494 18
1311 3444 1514 3493 homine
1536 3459 1569 3491 r
1794 3453 1859 3487 ἰο
1891 3453 1982 3486 nec
2018 3437 2115 3500 (ast
2138 3437 2276 3495 tunc)
2300 3438 2404 3485 add
2425 3438 2468 3486 C
2482 3437 2549 3486 Η
2560 3454 2592 3485 r
2618 3435 2626 3502 Ι
2656 3444 2861 3502 propter
2885 3436 3001 3500 (sor

577 3533 790 3596 praeter)
815 3547 847 3578 r
1042 3543 1098 3577 αι
1137 3527 1269 3576 ultro
1297 3527 1339 3576 C
1533 3538 1594 3588 23
1630 3518 1924 3572 necessitate
1951 3518 1996 3567 C
2015 3518 2078 3566 H
2101 3514 2110 3580 Ι
2137 3517 2478 3581 imponentem
2504 3534 2536 3565 r

644 3725 691 3775 9.
738 3708 843 3757 licet
865 3708 1004 3765 talia,
1034 3706 1152 3768 δια]
1216 3710 1229 3734 ⁸
1249 3706 1499 3770 Granting
1521 3707 1628 3756 that
1654 3707 1738 3755 the
1838 3712 1954 3746 ever
1977 3695 2017 3746 is
2041 3696 2185 3747 twice
2211 3697 2362 3760 given
2394 3697 2462 3762 by
2493 3695 2628 3761 Aug·
2663 3695 2810 3747 when
2845 3698 2999 3763 citing

581 3790 737 3838 Arian
762 3788 889 3836 view
911 3786 969 3835 of
996 3786 1081 3835 the
1106 3786 1290 3834 Person
1321 3785 1378 3834 of
1408 3786 1571 3835 Christ
1607 3801 1738 3835 were
1840 3780 1971 3829 Phil.
1996 3779 2048 3828 ii.
2076 3794 2121 3843 3.

577 3879 780 3930 correct,
813 3872 865 3921 S.
897 3870 1019 3917 Paul
1045 3868 1210 3917 would
1234 3869 1361 3917 have
1384 3868 1490 3917 said
1526 3869 1738 3932 nothing
1910 3863 1987 3913 18.
2054 3863 2110 3911 in
2154 3862 2399 3910 hominem
2443 3858 2685 3921 habitare]
2783 3861 2869 3911 On
2915 3860 2999 3911 the

579 3971 635 4003 so
671 3954 797 4002 little
830 3961 884 4002 to
919 3953 1003 4001 the
1037 3951 1231 4000 honour
1264 3951 1322 3999 of
1348 3951 1425 4000 his
1462 3951 1651 3999 Master
1683 3965 1738 3998 as
1838 3943 2172 3992 Theodorean
2193 3942 2420 3991 doctrine
2449 3941 2508 3990 os
2536 3940 2620 3990 the
2654 3941 2886 4024 ἑνοζκησις
2917 3956 2998 3991 see

578 4035 686 4083 that
736 4033 819 4082 He
864 4032 1036 4095 barely
1078 4033 1339 4081 abstained
1386 4032 1512 4081 from
1552 4032 1740 4094 seizing
1839 4040 1888 4088 p.
1926 4038 2030 4086 142,
2060 4023 2093 4073 l.
2130 4040 2203 4083 ιο,
2227 4032 2360 4073 note.

578 4127 715 4175 upon
754 4110 937 4158 Divine
978 4110 1312 4173 prerogatives
1352 4119 1403 4159 to
1443 4110 1609 4158 which
1651 4110 1737 4159 He
1911 4120 1987 4170 19.
2034 4108 2104 4155 ita
2138 4114 2196 4155 ut
2226 4123 2307 4156 na·
2339 4113 2451 4156 aest.
2488 4107 2602 4169 ἂι]
2668 4106 2781 4156 The
2813 4107 2998 4156 second

579 4194 678 4242 had
703 4209 769 4241 no
788 4193 888 4256 just
912 4191 1094 4241 claim.‘
1840 4210 1922 4242 nec
1947 4195 2048 4254 (see
2072 4209 2149 4242 vv.
2180 4191 2274 4250 11.),
2307 4190 2473 4239 unless
2507 4205 2537 4237 a
2569 4189 2748 4253 simple
2781 4204 2917 4237 error
2949 4189 3008 4239 of

650 4289 670 4324 ι
679 4288 723 4337 5.
768 4274 899 4321 mule
918 4280 961 4320 et
983 4269 1330 4321 ‘alterutrum'
1345 4271 1531 4334 posuit]
1587 4271 1737 4329 ἀλλή-
1841 4277 1926 4326 the
1961 4276 2138 4335 scribe,
2183 4290 2300 4338 may
2338 4273 2403 4321 be
2436 4273 2533 4322 due
2573 4280 2625 4321 to
2663 4286 2694 4319 a
2727 4270 2999 4320 misunder.

580 4357 719 4404 λουςτ
755 4354 993 4403 rendered
1019 4356 1075 4402 in
1100 4355 1308 4403 inuicem
1336 4354 1514 4411 above,
1541 4371 1587 4418 p.
1622 4367 1732 4414 215,
1840 4358 2074 4421 standing
2109 4356 2168 4406 of
2204 4355 2290 4406 the
2334 4355 2520 4404 double
2555 4351 2787 4416 negative
2826 4351 2875 4401 in
2915 4352 3001 4401 the

580 4437 614 4485 l.
646 4452 664 4486 ι
719 4436 967 4494 (inuicem.
1006 4436 1207 4500 Vulg.);
1261 4438 1553 4485 alterutrum
1601 4438 1736 4486 how·
1845 4438 1943 4489 Gk.
