<?xml version="1.0" encoding="UTF-8"?>
<!DOCTYPE html PUBLIC "-//W3C//DTD XHTML 1.0 Transitional//EN"
    "http://www.w3.org/TR/xhtml1/DTD/xhtml1-transitional.dtd">
<html xmlns="http://www.w3.org/1999/xhtml" xml:lang="en" lang="en">
 <head>
  <title>
</title>
<meta http-equiv="Content-Type" content="text/html;charset=utf-8" />
  <meta name='ocr-system' content='tesseract 3.04.00' />
  <meta name='ocr-capabilities' content='ocr_page ocr_carea ocr_par ocr_line ocrx_word'/>
</head>
<body>
  <div class='ocr_page' id='page_1' title='image "./theodoriepiscop00mopsgoog_0374.png"; bbox 0 0 3293 5233; ppageno 0'>
   <div class='ocr_carea' id='block_1_1' title="bbox 574 374 703 456">
    <p class='ocr_par' dir='ltr' id='par_1_1' title="bbox 574 374 703 456">
     <span class='ocr_line' id='line_1_1' title="bbox 574 374 703 456; baseline 0 -20"><span class='ocrx_word' id='word_1_1' title='bbox 574 374 703 456; x_wconf 88' lang='lat'><strong>276</strong></span> 
     </span>
    </p>
   </div>
   <div class='ocr_carea' id='block_1_2' title="bbox 556 556 2318 642">
    <p class='ocr_par' dir='ltr' id='par_1_2' title="bbox 556 556 2318 642">
     <span class='ocr_line' id='line_1_2' title="bbox 556 556 2318 642; baseline 0.002 -22"><span class='ocrx_word' id='word_1_2' title='bbox 556 556 893 641; x_wconf 80' lang='lat' dir='ltr'><em>plenitudo</em></span> <span class='ocrx_word' id='word_1_3' title='bbox 938 556 1076 622; x_wconf 84' lang='lat' dir='ltr'><strong>eius</strong></span> <span class='ocrx_word' id='word_1_4' title='bbox 1120 558 1240 642; x_wconf 84' lang='lat' dir='ltr'><strong>qui</strong></span> <span class='ocrx_word' id='word_1_5' title='bbox 1276 557 1497 623; x_wconf 86' lang='lat' dir='ltr'><strong>omnia</strong></span> <span class='ocrx_word' id='word_1_6' title='bbox 1542 558 1612 623; x_wconf 85' lang='lat' dir='ltr'><strong>in</strong></span> <span class='ocrx_word' id='word_1_7' title='bbox 1659 558 1954 623; x_wconf 83' lang='lat' dir='ltr'><strong>omnibus</strong></span> <span class='ocrx_word' id='word_1_8' title='bbox 1995 557 2318 641; x_wconf 79' lang='lat' dir='ltr'><em>adimplet.</em></span> 
     </span>
    </p>
   </div>
   <div class='ocr_carea' id='block_1_3' title="bbox 1227 385 2309 440">
    <p class='ocr_par' dir='ltr' id='par_1_3' title="bbox 1227 385 2309 440">
     <span class='ocr_line' id='line_1_3' title="bbox 1227 385 2309 440; baseline 0.003 -3"><span class='ocrx_word' id='word_1_9' title='bbox 1227 385 1680 440; x_wconf 78' lang='lat' dir='ltr'>THEODORUS</span> <span class='ocrx_word' id='word_1_10' title='bbox 1725 385 2309 440; x_wconf 85' lang='lat' dir='ltr'><strong>MOPSUESTENUS</strong></span> 
     </span>
    </p>
   </div>
   <div class='ocr_carea' id='block_1_4' title="bbox 2771 373 2984 457">
    <p class='ocr_par' dir='ltr' id='par_1_4' title="bbox 2771 373 2984 457">
     <span class='ocr_line' id='line_1_4' title="bbox 2771 373 2984 457; baseline -0.009 -23"><span class='ocrx_word' id='word_1_11' title='bbox 2771 373 2849 457; x_wconf 88' lang='lat'><strong>[1.</strong></span> <span class='ocrx_word' id='word_1_12' title='bbox 2886 388 2984 435; x_wconf 83' lang='lat'><strong>20.</strong></span> 
     </span>
    </p>
   </div>
   <div class='ocr_carea' id='block_1_5' title="bbox 2423 557 2984 642">
    <p class='ocr_par' dir='ltr' id='par_1_5' title="bbox 2423 557 2984 642">
     <span class='ocr_line' id='line_1_5' title="bbox 2423 557 2984 642; baseline 0.002 -22"><span class='ocrx_word' id='word_1_13' title='bbox 2423 557 2549 623; x_wconf 88' lang='lat' dir='ltr'><strong>hoc</strong></span> <span class='ocrx_word' id='word_1_14' title='bbox 2598 577 2757 642; x_wconf 92' lang='lat' dir='ltr'><strong>ergo</strong></span> <span class='ocrx_word' id='word_1_15' title='bbox 2804 559 2984 634; x_wconf 89' lang='lat' dir='ltr'><strong>dicit,</strong></span> 
     </span>
    </p>
   </div>
   <div class='ocr_carea' id='block_1_6' title="bbox 530 653 2988 947">
    <p class='ocr_par' dir='ltr' id='par_1_6' title="bbox 530 653 2988 947">
     <span class='ocr_line' id='line_1_6' title="bbox 572 653 2983 744; baseline 0.001 -20"><span class='ocrx_word' id='word_1_16' title='bbox 572 653 907 744; x_wconf 87' lang='lat' dir='ltr'><strong>quoniam</strong></span> <span class='ocrx_word' id='word_1_17' title='bbox 949 662 1349 744; x_wconf 89' lang='lat' dir='ltr'><strong>complacuit</strong></span> <span class='ocrx_word' id='word_1_18' title='bbox 1410 661 1558 725; x_wconf 91' lang='lat' dir='ltr'><strong>Deo</strong></span> <span class='ocrx_word' id='word_1_19' title='bbox 1620 661 1688 724; x_wconf 92' lang='lat' dir='ltr'><strong>in</strong></span> <span class='ocrx_word' id='word_1_20' title='bbox 1748 681 1846 738; x_wconf 88' lang='lat' dir='ltr'><strong>eo,</strong></span> <span class='ocrx_word' id='word_1_21' title='bbox 1906 661 2035 725; x_wconf 88' lang='lat' dir='ltr'><strong>hoc</strong></span> <span class='ocrx_word' id='word_1_22' title='bbox 2093 671 2196 725; x_wconf 89' lang='lat' dir='ltr'><strong>est</strong></span> <span class='ocrx_word' id='word_1_23' title='bbox 2255 662 2322 725; x_wconf 92' lang='lat' dir='ltr'><strong>in</strong></span> <span class='ocrx_word' id='word_1_24' title='bbox 2379 660 2661 737; x_wconf 89' lang='lat' dir='ltr'><strong>Christo,</strong></span> <span class='ocrx_word' id='word_1_25' title='bbox 2714 680 2983 727; x_wconf 89' lang='lat' dir='ltr'><strong>omnem</strong></span> 
     </span>
     <span class='ocr_line' id='line_1_7' title="bbox 572 760 2988 845; baseline 0.001 -21"><span class='ocrx_word' id='word_1_26' title='bbox 572 760 872 825; x_wconf 84' lang='lat' dir='ltr'><strong>habitare</strong></span> <span class='ocrx_word' id='word_1_27' title='bbox 902 762 1544 845; x_wconf 88' lang='lat' dir='ltr'><strong>plenitudinem—ut</strong></span> <span class='ocrx_word' id='word_1_28' title='bbox 1575 762 1795 827; x_wconf 89' lang='lat' dir='ltr'><strong>dicat:</strong></span> <span class='ocrx_word' id='word_1_29' title='bbox 1839 769 1855 795; x_wconf 88' lang='lat'>‘</span> <span class='ocrx_word' id='word_1_30' title='bbox 1874 782 2144 826; x_wconf 89' lang='lat' dir='ltr'><strong>omnem</strong></span> <span class='ocrx_word' id='word_1_31' title='bbox 2176 772 2541 826; x_wconf 89' lang='lat' dir='ltr'><strong>creaturam</strong></span> <span class='ocrx_word' id='word_1_32' title='bbox 2574 783 2748 845; x_wconf 90' lang='lat' dir='ltr'><strong>quae</strong></span> <span class='ocrx_word' id='word_1_33' title='bbox 2787 764 2874 827; x_wconf 89' lang='lat' dir='ltr'><strong>ab</strong></span> <span class='ocrx_word' id='word_1_34' title='bbox 2906 784 2988 826; x_wconf 95' lang='lat' dir='ltr'><strong>eo</strong></span> 
     </span>
     <span class='ocr_line' id='line_1_8' title="bbox 530 862 2942 947; baseline 0.001 -22"><span class='ocrx_word' id='word_1_35' title='bbox 530 935 537 943; x_wconf 30' lang='lat'><strong>¹</strong></span> <span class='ocrx_word' id='word_1_36' title='bbox 574 862 826 945; x_wconf 88' lang='lat' dir='ltr'><strong>repleta</strong></span> <span class='ocrx_word' id='word_1_37' title='bbox 855 873 956 927; x_wconf 88' lang='lat' dir='ltr'><strong>est</strong></span> <span class='ocrx_word' id='word_1_38' title='bbox 986 863 1295 946; x_wconf 85' lang='lat' dir='ltr'><strong>probauit</strong></span> <span class='ocrx_word' id='word_1_39' title='bbox 1327 863 1418 927; x_wconf 91' lang='lat' dir='ltr'><strong>illi</strong></span> <span class='ocrx_word' id='word_1_40' title='bbox 1447 864 1883 947; x_wconf 63' lang='lat' dir='ltr'><strong>coniungere!</strong></span> <span class='ocrx_word' id='word_1_41' title='bbox 1973 875 2041 929; x_wconf 89' lang='lat' dir='ltr'><strong>et</strong></span> <span class='ocrx_word' id='word_1_42' title='bbox 2070 863 2197 928; x_wconf 89' lang='lat' dir='ltr'><strong>hoc</strong></span> <span class='ocrx_word' id='word_1_43' title='bbox 2228 864 2404 928; x_wconf 90' lang='lat' dir='ltr'><strong>idem</strong></span> <span class='ocrx_word' id='word_1_44' title='bbox 2437 864 2634 928; x_wconf 88' lang='lat' dir='ltr'><strong>latius</strong></span> <span class='ocrx_word' id='word_1_45' title='bbox 2675 864 2942 928; x_wconf 86' lang='lat' dir='ltr'><strong>dicens:</strong></span> 
     </span>
    </p>
   </div>
   <div class='ocr_carea' id='block_1_7' title="bbox 563 1014 2990 1201">
    <p class='ocr_par' dir='ltr' id='par_1_7' title="bbox 563 1014 2990 1201">
     <span class='ocr_line' id='line_1_9' title="bbox 696 1014 2989 1099; baseline 0.002 -23"><span class='ocrx_word' id='word_1_46' title='bbox 696 1022 765 1076; x_wconf 70' lang='lat' dir='ltr'><strong>&#39;et</strong></span> <span class='ocrx_word' id='word_1_47' title='bbox 785 1024 913 1096; x_wconf 83' lang='lat' dir='ltr'><strong>per</strong></span> <span class='ocrx_word' id='word_1_48' title='bbox 945 1036 1090 1079; x_wconf 84' lang='lat' dir='ltr'><strong>eum</strong></span> <span class='ocrx_word' id='word_1_49' title='bbox 1137 1014 1539 1079; x_wconf 81' lang='lat' dir='ltr'><strong>reconciliare</strong></span> <span class='ocrx_word' id='word_1_50' title='bbox 1581 1015 1804 1079; x_wconf 86' lang='lat' dir='ltr'><strong>omnia</strong></span> <span class='ocrx_word' id='word_1_51' title='bbox 1849 1015 1920 1079; x_wconf 82' lang='lat' dir='ltr'><strong>in</strong></span> <span class='ocrx_word' id='word_1_52' title='bbox 1970 1015 2114 1099; x_wconf 60' lang='lat' dir='ltr'><strong>zpsO,</strong></span> <span class='ocrx_word' id='word_1_53' title='bbox 2136 1027 2362 1099; x_wconf 84' lang='lat' dir='ltr'><em>pacem</em></span> <span class='ocrx_word' id='word_1_54' title='bbox 2389 1015 2654 1098; x_wconf 81' lang='lat' dir='ltr'><strong>faciens</strong></span> <span class='ocrx_word' id='word_1_55' title='bbox 2677 1027 2803 1098; x_wconf 84' lang='lat' dir='ltr'><strong>per</strong></span> <span class='ocrx_word' id='word_1_56' title='bbox 2835 1039 2989 1081; x_wconf 83' lang='lat' dir='ltr'><strong>san-</strong></span> 
     </span>
     <span class='ocr_line' id='line_1_10' title="bbox 563 1112 2990 1201; baseline 0.003 -26"><span class='ocrx_word' id='word_1_57' title='bbox 563 1112 834 1193; x_wconf 84' lang='lat' dir='ltr'><strong>guinem</strong></span> <span class='ocrx_word' id='word_1_58' title='bbox 868 1116 1072 1180; x_wconf 84' lang='lat' dir='ltr'><strong>crucis</strong></span> <span class='ocrx_word' id='word_1_59' title='bbox 1115 1117 1253 1180; x_wconf 85' lang='lat' dir='ltr'><strong>eius</strong></span> <span class='ocrx_word' id='word_1_60' title='bbox 1268 1139 1298 1191; x_wconf 85' lang='lat'><strong>,·</strong></span> <span class='ocrx_word' id='word_1_61' title='bbox 1341 1129 1468 1201; x_wconf 81' lang='lat' dir='ltr'><strong>per</strong></span> <span class='ocrx_word' id='word_1_62' title='bbox 1512 1117 1738 1199; x_wconf 84' lang='lat' dir='ltr'><strong>ipsum,</strong></span> <span class='ocrx_word' id='word_1_63' title='bbox 1768 1117 1907 1181; x_wconf 80' lang='lat' dir='ltr'><strong>siue</strong></span> <span class='ocrx_word' id='word_1_64' title='bbox 1947 1118 2064 1182; x_wconf 86' lang='lat' dir='ltr'><strong>illa</strong></span> <span class='ocrx_word' id='word_1_65' title='bbox 2110 1138 2271 1200; x_wconf 84' lang='lat' dir='ltr'><strong>quae</strong></span> <span class='ocrx_word' id='word_1_66' title='bbox 2310 1117 2380 1181; x_wconf 80' lang='lat' dir='ltr'><strong>in</strong></span> <span class='ocrx_word' id='word_1_67' title='bbox 2422 1118 2617 1182; x_wconf 65' lang='lat' dir='ltr'><strong>terris·</strong></span> <span class='ocrx_word' id='word_1_68' title='bbox 2651 1130 2821 1197; x_wconf 84' lang='lat' dir='ltr'><strong>sunt,</strong></span> <span class='ocrx_word' id='word_1_69' title='bbox 2850 1117 2990 1182; x_wconf 81' lang='lat' dir='ltr'><strong>siue</strong></span> 
     </span>
    </p>
   </div>
   <div class='ocr_carea' id='block_1_8' title="bbox 574 1219 1451 1305">
    <p class='ocr_par' dir='ltr' id='par_1_8' title="bbox 574 1219 1451 1305">
     <span class='ocr_line' id='line_1_11' title="bbox 574 1219 1451 1305; baseline 0.002 -22"><span class='ocrx_word' id='word_1_70' title='bbox 574 1219 694 1284; x_wconf 79' lang='lat' dir='ltr'><strong>illa</strong></span> <span class='ocrx_word' id='word_1_71' title='bbox 736 1242 896 1305; x_wconf 80' lang='lat' dir='ltr'><strong>quae</strong></span> <span class='ocrx_word' id='word_1_72' title='bbox 939 1219 1012 1285; x_wconf 85' lang='lat' dir='ltr'><strong>in</strong></span> <span class='ocrx_word' id='word_1_73' title='bbox 1053 1221 1243 1285; x_wconf 81' lang='lat' dir='ltr'><strong>caelis</strong></span> <span class='ocrx_word' id='word_1_74' title='bbox 1282 1232 1451 1287; x_wconf 86' lang='lat' dir='ltr'><strong>sunt.</strong></span> 
     </span>
    </p>
   </div>
   <div class='ocr_carea' id='block_1_9' title="bbox 473 1357 2988 1750">
    <p class='ocr_par' dir='ltr' id='par_1_9' title="bbox 473 1357 2988 1750">
     <span class='ocr_line' id='line_1_12' title="bbox 706 1357 2984 1443; baseline 0.001 -21"><span class='ocrx_word' id='word_1_75' title='bbox 706 1357 972 1422; x_wconf 86' lang='lat' dir='ltr'><strong>‘omnia</strong></span> <span class='ocrx_word' id='word_1_76' title='bbox 1019 1357 1281 1442; x_wconf 89' lang='lat' dir='ltr'><strong>(inquit)</strong></span> <span class='ocrx_word' id='word_1_77' title='bbox 1337 1360 1402 1423; x_wconf 91' lang='lat' dir='ltr'><strong>in</strong></span> <span class='ocrx_word' id='word_1_78' title='bbox 1451 1379 1571 1424; x_wconf 91' lang='lat' dir='ltr'><strong>sua</strong></span> <span class='ocrx_word' id='word_1_79' title='bbox 1625 1368 1838 1423; x_wconf 88' lang='lat' dir='ltr'><strong>morte</strong></span> <span class='ocrx_word' id='word_1_80' title='bbox 1889 1357 2040 1441; x_wconf 90' lang='lat' dir='ltr'><strong>(hoc</strong></span> <span class='ocrx_word' id='word_1_81' title='bbox 2087 1360 2264 1423; x_wconf 90' lang='lat' dir='ltr'><strong>enim</strong></span> <span class='ocrx_word' id='word_1_82' title='bbox 2316 1359 2475 1423; x_wconf 89' lang='lat' dir='ltr'><strong>dicit</strong></span> <span class='ocrx_word' id='word_1_83' title='bbox 2523 1360 2984 1443; x_wconf 86' lang='lat' dir='ltr'><strong>‘sanguinem&#39;</strong></span> 
     </span>
     <span class='ocr_line' id='line_1_13' title="bbox 577 1458 2985 1547; baseline 0.002 -26"><span class='ocrx_word' id='word_1_84' title='bbox 577 1467 644 1522; x_wconf 91' lang='lat' dir='ltr'><strong>et</strong></span> <span class='ocrx_word' id='word_1_85' title='bbox 675 1461 691 1492; x_wconf 91' lang='lat'>‘</span> <span class='ocrx_word' id='word_1_86' title='bbox 712 1479 973 1523; x_wconf 90' lang='lat' dir='ltr'><strong>crucem</strong></span> <span class='ocrx_word' id='word_1_87' title='bbox 996 1458 1060 1542; x_wconf 83' lang='lat'><strong>²),</strong></span> <span class='ocrx_word' id='word_1_88' title='bbox 1092 1461 1554 1538; x_wconf 84' lang='lat' dir='ltr'><strong>reconciliauit,</strong></span> <span class='ocrx_word' id='word_1_89' title='bbox 1587 1472 1654 1525; x_wconf 89' lang='lat' dir='ltr'><strong>et</strong></span> <span class='ocrx_word' id='word_1_90' title='bbox 1694 1461 2042 1525; x_wconf 87' lang='lat' dir='ltr'><strong>coniunxit</strong></span> <span class='ocrx_word' id='word_1_91' title='bbox 2074 1471 2142 1525; x_wconf 89' lang='lat' dir='ltr'><strong>et</strong></span> <span class='ocrx_word' id='word_1_92' title='bbox 2173 1462 2285 1525; x_wconf 90' lang='lat' dir='ltr'><strong>illa</strong></span> <span class='ocrx_word' id='word_1_93' title='bbox 2315 1484 2488 1547; x_wconf 90' lang='lat' dir='ltr'><strong>quae</strong></span> <span class='ocrx_word' id='word_1_94' title='bbox 2516 1483 2716 1546; x_wconf 91' lang='lat' dir='ltr'><strong>super</strong></span> <span class='ocrx_word' id='word_1_95' title='bbox 2743 1471 2985 1526; x_wconf 89' lang='lat' dir='ltr'><strong>terram</strong></span> 
     </span>
     <span class='ocr_line' id='line_1_14' title="bbox 473 1562 2988 1645; baseline 0.003 -24"><span class='ocrx_word' id='word_1_96' title='bbox 473 1575 550 1622; x_wconf 87' lang='lat'><strong>10</strong></span> <span class='ocrx_word' id='word_1_97' title='bbox 576 1571 763 1623; x_wconf 90' lang='lat' dir='ltr'><strong>erant</strong></span> <span class='ocrx_word' id='word_1_98' title='bbox 794 1570 862 1623; x_wconf 91' lang='lat' dir='ltr'><strong>et</strong></span> <span class='ocrx_word' id='word_1_99' title='bbox 892 1580 1063 1643; x_wconf 90' lang='lat' dir='ltr'><strong>quae</strong></span> <span class='ocrx_word' id='word_1_100' title='bbox 1092 1582 1291 1645; x_wconf 89' lang='lat' dir='ltr'><strong>super</strong></span> <span class='ocrx_word' id='word_1_101' title='bbox 1319 1562 1554 1639; x_wconf 79' lang='lat' dir='ltr'><strong>caeloS‚</strong></span> <span class='ocrx_word' id='word_1_102' title='bbox 1584 1583 1665 1626; x_wconf 90' lang='lat' dir='ltr'><strong>eo</strong></span> <span class='ocrx_word' id='word_1_103' title='bbox 1706 1564 1884 1645; x_wconf 92' lang='lat' dir='ltr'><strong>quod</strong></span> <span class='ocrx_word' id='word_1_104' title='bbox 1928 1571 1995 1626; x_wconf 89' lang='lat' dir='ltr'><strong>et</strong></span> <span class='ocrx_word' id='word_1_105' title='bbox 2027 1574 2324 1628; x_wconf 90' lang='lat' dir='ltr'><strong>mortuus</strong></span> <span class='ocrx_word' id='word_1_106' title='bbox 2354 1574 2455 1629; x_wconf 90' lang='lat' dir='ltr'><strong>est</strong></span> <span class='ocrx_word' id='word_1_107' title='bbox 2486 1574 2552 1628; x_wconf 92' lang='lat' dir='ltr'><strong>et</strong></span> <span class='ocrx_word' id='word_1_108' title='bbox 2593 1566 2947 1629; x_wconf 86' lang='lat' dir='ltr'><strong>resurrexit</strong></span> <span class='ocrx_word' id='word_1_109' title='bbox 2972 1586 2988 1643; x_wconf 90' lang='grc'><strong>;</strong></span> 
     </span>
     <span class='ocr_line' id='line_1_15' title="bbox 577 1665 2987 1750; baseline 0.003 -28"><span class='ocrx_word' id='word_1_110' title='bbox 577 1680 942 1744; x_wconf 83' lang='lat' dir='ltr'>exsurgens</span> <span class='ocrx_word' id='word_1_111' title='bbox 993 1683 1151 1728; x_wconf 89' lang='lat' dir='ltr'><strong>uero</strong></span> <span class='ocrx_word' id='word_1_112' title='bbox 1203 1669 1559 1728; x_wconf 87' lang='lat' dir='ltr'><strong>commune</strong></span> <span class='ocrx_word' id='word_1_113' title='bbox 1608 1665 1917 1729; x_wconf 90' lang='lat' dir='ltr'><strong>omnibus</strong></span> <span class='ocrx_word' id='word_1_114' title='bbox 1963 1666 2288 1748; x_wconf 88' lang='lat' dir='ltr'><strong>praestitit</strong></span> <span class='ocrx_word' id='word_1_115' title='bbox 2333 1667 2730 1750; x_wconf 90' lang='lat' dir='ltr'><strong>promissum</strong></span> <span class='ocrx_word' id='word_1_116' title='bbox 2779 1688 2987 1731; x_wconf 89' lang='lat' dir='ltr'><strong>resur-</strong></span> 
     </span>
    </p>
   </div>
   <div class='ocr_carea' id='block_1_10' title="bbox 578 1766 1548 1833">
    <p class='ocr_par' dir='ltr' id='par_1_10' title="bbox 578 1766 1548 1833">
     <span class='ocr_line' id='line_1_16' title="bbox 578 1766 1548 1833; baseline 0.004 -6"><span class='ocrx_word' id='word_1_117' title='bbox 578 1766 883 1830; x_wconf 85' lang='lat' dir='ltr'><strong>rectionis</strong></span> <span class='ocrx_word' id='word_1_118' title='bbox 932 1776 999 1831; x_wconf 91' lang='lat' dir='ltr'><strong>et</strong></span> <span class='ocrx_word' id='word_1_119' title='bbox 1040 1768 1548 1833; x_wconf 80' lang='lat' dir='ltr'><strong>inmortalitatis,</strong></span> 
     </span>
    </p>
   </div>
   <div class='ocr_carea' id='block_1_11' title="bbox 1637 1769 2985 1834">
    <p class='ocr_par' dir='ltr' id='par_1_11' title="bbox 1637 1769 2985 1834">
     <span class='ocr_line' id='line_1_17' title="bbox 1637 1769 2985 1834; baseline 0.001 -2"><span class='ocrx_word' id='word_1_120' title='bbox 1637 1770 1866 1832; x_wconf 89' lang='lat' dir='ltr'><strong>omnia</strong></span> <span class='ocrx_word' id='word_1_121' title='bbox 1909 1779 2134 1833; x_wconf 88' lang='lat' dir='ltr'><strong>autem</strong></span> <span class='ocrx_word' id='word_1_122' title='bbox 2179 1769 2333 1833; x_wconf 90' lang='lat' dir='ltr'><strong>hinc</strong></span> <span class='ocrx_word' id='word_1_123' title='bbox 2376 1779 2860 1834; x_wconf 88' lang='lat' dir='ltr'><strong>connectuntur</strong></span> <span class='ocrx_word' id='word_1_124' title='bbox 2901 1770 2985 1834; x_wconf 89' lang='lat' dir='ltr'><strong>ad</strong></span> 
     </span>
    </p>
   </div>
   <div class='ocr_carea' id='block_1_12' title="bbox 477 1869 2993 2260">
    <p class='ocr_par' dir='ltr' id='par_1_12' title="bbox 477 1869 2993 2260">
     <span class='ocr_line' id='line_1_18' title="bbox 578 1869 2990 1953; baseline 0.002 -24"><span class='ocrx_word' id='word_1_125' title='bbox 578 1869 1017 1946; x_wconf 84' lang='lat' dir='ltr'><strong>concordiam,</strong></span> <span class='ocrx_word' id='word_1_126' title='bbox 1071 1870 1241 1933; x_wconf 90' lang='lat' dir='ltr'><strong>sicut</strong></span> <span class='ocrx_word' id='word_1_127' title='bbox 1295 1878 1362 1933; x_wconf 87' lang='lat' dir='ltr'><strong>et</strong></span> <span class='ocrx_word' id='word_1_128' title='bbox 1414 1871 1481 1946; x_wconf 85' lang='lat' dir='ltr'><strong>in</strong></span> <span class='ocrx_word' id='word_1_129' title='bbox 1534 1870 1979 1953; x_wconf 88' lang='lat' dir='ltr'><strong>superioribus</strong></span> <span class='ocrx_word' id='word_1_130' title='bbox 2027 1871 2337 1948; x_wconf 78' lang='lat' dir='ltr'><strong>diximu3‚</strong></span> <span class='ocrx_word' id='word_1_131' title='bbox 2391 1881 2458 1936; x_wconf 91' lang='lat' dir='ltr'><strong>et</strong></span> <span class='ocrx_word' id='word_1_132' title='bbox 2509 1874 2594 1936; x_wconf 87' lang='lat' dir='ltr'><strong>ad</strong></span> <span class='ocrx_word' id='word_1_133' title='bbox 2650 1871 2836 1935; x_wconf 92' lang='lat' dir='ltr'><strong>illum</strong></span> <span class='ocrx_word' id='word_1_134' title='bbox 2891 1870 2990 1934; x_wconf 91' lang='lat' dir='ltr'><strong>in-</strong></span> 
     </span>
     <span class='ocr_line' id='line_1_19' title="bbox 578 1970 2986 2054; baseline 0.001 -23"><span class='ocrx_word' id='word_1_135' title='bbox 578 1970 881 2052; x_wconf 88' lang='lat' dir='ltr'><strong>spiciunt,</strong></span> <span class='ocrx_word' id='word_1_136' title='bbox 925 1982 998 2036; x_wconf 88' lang='lat' dir='ltr'><strong>ut</strong></span> <span class='ocrx_word' id='word_1_137' title='bbox 1043 1982 1206 2054; x_wconf 89' lang='lat' dir='ltr'><strong>puta</strong></span> <span class='ocrx_word' id='word_1_138' title='bbox 1247 1973 1637 2036; x_wconf 87' lang='lat' dir='ltr'><strong>concordiae</strong></span> <span class='ocrx_word' id='word_1_139' title='bbox 1678 1983 2015 2037; x_wconf 83' lang='lat' dir='ltr'><strong>auctorem</strong></span> <span class='ocrx_word' id='word_1_140' title='bbox 2040 1972 2079 2051; x_wconf 90' lang='lat'><strong>;’</strong></span> <span class='ocrx_word' id='word_1_141' title='bbox 2129 1972 2254 2037; x_wconf 92' lang='lat' dir='ltr'><strong>hoc</strong></span> <span class='ocrx_word' id='word_1_142' title='bbox 2295 1974 2472 2036; x_wconf 92' lang='lat' dir='ltr'><strong>enim</strong></span> <span class='ocrx_word' id='word_1_143' title='bbox 2510 1973 2670 2038; x_wconf 90' lang='lat' dir='ltr'><strong>dicit</strong></span> <span class='ocrx_word' id='word_1_144' title='bbox 2717 1973 2787 2035; x_wconf 82' lang='lat' dir='ltr'><strong>in</strong></span> <span class='ocrx_word' id='word_1_145' title='bbox 2825 1992 2986 2036; x_wconf 83' lang='lat' dir='ltr'><strong>eum.</strong></span> 
     </span>
     <span class='ocr_line' id='line_1_20' title="bbox 477 2073 2988 2159; baseline -0.002 -19"><span class='ocrx_word' id='word_1_146' title='bbox 477 2090 546 2157; x_wconf 88' lang='lat'><strong>15</strong></span> <span class='ocrx_word' id='word_1_147' title='bbox 580 2075 832 2157; x_wconf 84' lang='lat' dir='ltr'><strong>optime</strong></span> <span class='ocrx_word' id='word_1_148' title='bbox 878 2075 1053 2139; x_wconf 84' lang='lat' dir='ltr'><strong>dixit</strong></span> <span class='ocrx_word' id='word_1_149' title='bbox 1102 2076 1417 2158; x_wconf 90' lang='lat' dir='ltr'><strong>quoniam</strong></span> <span class='ocrx_word' id='word_1_150' title='bbox 1464 2097 1582 2159; x_wconf 91' lang='lat' dir='ltr'><strong>per</strong></span> <span class='ocrx_word' id='word_1_151' title='bbox 1623 2087 1902 2139; x_wconf 88' lang='lat' dir='ltr'><strong>mortem</strong></span> <span class='ocrx_word' id='word_1_152' title='bbox 1952 2075 2091 2138; x_wconf 91' lang='lat' dir='ltr'><strong>eius</strong></span> <span class='ocrx_word' id='word_1_153' title='bbox 2136 2076 2361 2138; x_wconf 88' lang='lat' dir='ltr'><strong>omnia</strong></span> <span class='ocrx_word' id='word_1_154' title='bbox 2405 2076 2769 2150; x_wconf 87' lang='lat' dir='ltr'><strong>coniunxit,</strong></span> <span class='ocrx_word' id='word_1_155' title='bbox 2808 2083 2875 2138; x_wconf 90' lang='lat' dir='ltr'><strong>et</strong></span> <span class='ocrx_word' id='word_1_156' title='bbox 2921 2073 2988 2136; x_wconf 93' lang='lat' dir='ltr'><strong>in</strong></span> 
     </span>
     <span class='ocr_line' id='line_1_21' title="bbox 579 2175 2993 2260; baseline -0.001 -21"><span class='ocrx_word' id='word_1_157' title='bbox 579 2196 744 2259; x_wconf 88' lang='lat' dir='ltr'><strong>pace</strong></span> <span class='ocrx_word' id='word_1_158' title='bbox 774 2177 1115 2241; x_wconf 89' lang='lat' dir='ltr'><strong>constituit</strong></span> <span class='ocrx_word' id='word_1_159' title='bbox 1147 2198 1262 2259; x_wconf 91' lang='lat' dir='ltr'><strong>per</strong></span> <span class='ocrx_word' id='word_1_160' title='bbox 1286 2198 1433 2241; x_wconf 90' lang='lat' dir='ltr'><strong>eam</strong></span> <span class='ocrx_word' id='word_1_161' title='bbox 1466 2199 1636 2260; x_wconf 89' lang='lat' dir='ltr'><strong>quae</strong></span> <span class='ocrx_word' id='word_1_162' title='bbox 1668 2197 1823 2259; x_wconf 87' lang='lat' dir='ltr'><strong>erga</strong></span> <span class='ocrx_word' id='word_1_163' title='bbox 1854 2198 1924 2240; x_wconf 89' lang='lat' dir='ltr'><strong>se</strong></span> <span class='ocrx_word' id='word_1_164' title='bbox 1956 2187 2054 2239; x_wconf 90' lang='lat' dir='ltr'><strong>est</strong></span> <span class='ocrx_word' id='word_1_165' title='bbox 2080 2176 2586 2258; x_wconf 88' lang='lat' dir='ltr'><strong>copulationem.</strong></span> <span class='ocrx_word' id='word_1_166' title='bbox 2650 2175 2993 2238; x_wconf 89' lang='lat' dir='ltr'><strong>euidenter</strong></span> 
     </span>
    </p>
   </div>
   <div class='ocr_carea' id='block_1_13' title="bbox 683 2402 1038 2467">
    <p class='ocr_par' dir='ltr' id='par_1_13' title="bbox 683 2402 1038 2467">
     <span class='ocr_line' id='line_1_22' title="bbox 683 2402 1038 2467; baseline 0.006 -16"><span class='ocrx_word' id='word_1_167' title='bbox 683 2417 703 2451; x_wconf 90' lang='lat'>1</span> <span class='ocrx_word' id='word_1_168' title='bbox 744 2403 918 2467; x_wconf 85' lang='lat' dir='ltr'><strong>implet</strong></span> <span class='ocrx_word' id='word_1_169' title='bbox 945 2402 1038 2452; x_wconf 80' lang='lat' dir='ltr'><strong>H*</strong></span> 
     </span>
    </p>
   </div>
   <div class='ocr_carea' id='block_1_14' title="bbox 581 2483 1588 2548">
    <p class='ocr_par' dir='ltr' id='par_1_14' title="bbox 581 2483 1588 2548">
     <span class='ocr_line' id='line_1_23' title="bbox 581 2483 1588 2548; baseline 0 -15"><span class='ocrx_word' id='word_1_170' title='bbox 581 2499 783 2533; x_wconf 87' lang='lat' dir='ltr'><strong>munem</strong></span> <span class='ocrx_word' id='word_1_171' title='bbox 811 2483 854 2533; x_wconf 89' lang='lat' dir='ltr'><em>C</em></span> <span class='ocrx_word' id='word_1_172' title='bbox 1052 2498 1109 2546; x_wconf 83' lang='lat'><strong>13</strong></span> <span class='ocrx_word' id='word_1_173' title='bbox 1142 2483 1386 2548; x_wconf 87' lang='lat' dir='ltr'><strong>incipiunt</strong></span> <span class='ocrx_word' id='word_1_174' title='bbox 1426 2485 1471 2533; x_wconf 92' lang='lat' dir='ltr'><em>C</em></span> <span class='ocrx_word' id='word_1_175' title='bbox 1484 2486 1549 2533; x_wconf 86' lang='lat' dir='ltr'><em>H</em></span> <span class='ocrx_word' id='word_1_176' title='bbox 1556 2500 1588 2532; x_wconf 86' lang='lat' dir='ltr'><strong>r</strong></span> 
     </span>
    </p>
   </div>
   <div class='ocr_carea' id='block_1_15' title="bbox 582 2688 1756 4540">
    <p class='ocr_par' dir='ltr' id='par_1_15' title="bbox 582 2688 1746 3727">
     <span class='ocr_line' id='line_1_24' title="bbox 647 2688 1740 2751; baseline 0.002 -16"><span class='ocrx_word' id='word_1_177' title='bbox 647 2702 696 2751; x_wconf 83' lang='grc'><strong>5.</strong></span> <span class='ocrx_word' id='word_1_178' title='bbox 753 2689 1077 2749; x_wconf 81' lang='lat' dir='ltr'><strong>reconciliare]</strong></span> <span class='ocrx_word' id='word_1_179' title='bbox 1146 2689 1256 2738; x_wconf 87' lang='lat' dir='ltr'><strong>The</strong></span> <span class='ocrx_word' id='word_1_180' title='bbox 1291 2698 1537 2739; x_wconf 88' lang='lat' dir='ltr'><strong>corrector</strong></span> <span class='ocrx_word' id='word_1_181' title='bbox 1570 2688 1627 2738; x_wconf 86' lang='lat' dir='ltr'><strong>of</strong></span> <span class='ocrx_word' id='word_1_182' title='bbox 1655 2688 1740 2739; x_wconf 87' lang='lat' dir='ltr'><strong>the</strong></span> 
     </span>
     <span class='ocr_line' id='line_1_25' title="bbox 583 2768 1737 2820; baseline -0.001 -1"><span class='ocrx_word' id='word_1_183' title='bbox 583 2768 768 2819; x_wconf 89' lang='lat' dir='ltr'><strong>Corbie</strong></span> <span class='ocrx_word' id='word_1_184' title='bbox 803 2769 918 2819; x_wconf 90' lang='lat' dir='ltr'><strong>MS.</strong></span> <span class='ocrx_word' id='word_1_185' title='bbox 947 2770 1037 2819; x_wconf 87' lang='lat' dir='ltr'><strong>has</strong></span> <span class='ocrx_word' id='word_1_186' title='bbox 1069 2770 1301 2820; x_wconf 84' lang='lat' dir='ltr'><strong>followed</strong></span> <span class='ocrx_word' id='word_1_187' title='bbox 1336 2771 1421 2819; x_wconf 91' lang='lat' dir='ltr'><strong>the</strong></span> <span class='ocrx_word' id='word_1_188' title='bbox 1455 2770 1521 2819; x_wconf 92' lang='grc' dir='ltr'><strong>Ο.</strong></span> <span class='ocrx_word' id='word_1_189' title='bbox 1541 2770 1599 2819; x_wconf 92' lang='lat' dir='ltr'><strong>L.</strong></span> <span class='ocrx_word' id='word_1_190' title='bbox 1630 2785 1737 2819; x_wconf 89' lang='lat' dir='ltr'><strong>ren·</strong></span> 
     </span>
     <span class='ocr_line' id='line_1_26' title="bbox 583 2852 1739 2917; baseline -0.002 -16"><span class='ocrx_word' id='word_1_191' title='bbox 583 2853 758 2917; x_wconf 88' lang='lat' dir='ltr'><strong>dering</strong></span> <span class='ocrx_word' id='word_1_192' title='bbox 780 2852 838 2901; x_wconf 89' lang='lat' dir='ltr'><strong>of</strong></span> <span class='ocrx_word' id='word_1_193' title='bbox 863 2853 972 2902; x_wconf 90' lang='lat' dir='ltr'><strong>Hil.</strong></span> <span class='ocrx_word' id='word_1_194' title='bbox 998 2854 1096 2902; x_wconf 91' lang='lat' dir='ltr'><strong>and</strong></span> <span class='ocrx_word' id='word_1_195' title='bbox 1127 2854 1261 2916; x_wconf 89' lang='lat' dir='ltr'><strong>Aug.</strong></span> <span class='ocrx_word' id='word_1_196' title='bbox 1286 2853 1336 2902; x_wconf 90' lang='lat' dir='ltr'><strong>in</strong></span> <span class='ocrx_word' id='word_1_197' title='bbox 1372 2852 1655 2917; x_wconf 79' lang='lat' dir='ltr'><strong>preference</strong></span> <span class='ocrx_word' id='word_1_198' title='bbox 1687 2857 1739 2900; x_wconf 91' lang='lat' dir='ltr'><strong>to</strong></span> 
     </span>
     <span class='ocr_line' id='line_1_27' title="bbox 582 2932 1737 2997; baseline -0.003 -16"><span class='ocrx_word' id='word_1_199' title='bbox 582 2933 668 2983; x_wconf 87' lang='lat' dir='ltr'><strong>the</strong></span> <span class='ocrx_word' id='word_1_200' title='bbox 702 2933 872 2997; x_wconf 68' lang='lat' dir='ltr'><strong>Vulg„</strong></span> <span class='ocrx_word' id='word_1_201' title='bbox 914 2933 1035 2981; x_wconf 87' lang='lat' dir='ltr'><strong>with</strong></span> <span class='ocrx_word' id='word_1_202' title='bbox 1074 2932 1239 2982; x_wconf 87' lang='lat' dir='ltr'><strong>which</strong></span> <span class='ocrx_word' id='word_1_203' title='bbox 1280 2948 1369 2981; x_wconf 92' lang='lat' dir='ltr'><strong>our</strong></span> <span class='ocrx_word' id='word_1_204' title='bbox 1406 2940 1513 2981; x_wconf 85' lang='lat' dir='ltr'><strong>text</strong></span> <span class='ocrx_word' id='word_1_205' title='bbox 1549 2946 1737 2996; x_wconf 78' lang='lat' dir='ltr'><strong>agrees,</strong></span> 
     </span>
     <span class='ocr_line' id='line_1_28' title="bbox 584 3012 1740 3078; baseline -0.001 -16"><span class='ocrx_word' id='word_1_206' title='bbox 584 3015 686 3063; x_wconf 89' lang='lat' dir='ltr'><strong>For</strong></span> <span class='ocrx_word' id='word_1_207' title='bbox 706 3017 761 3063; x_wconf 85' lang='lat' dir='ltr'><strong>in</strong></span> <span class='ocrx_word' id='word_1_208' title='bbox 786 3015 1016 3078; x_wconf 73' lang='lat' dir='ltr'><strong>ipso=els</strong></span> <span class='ocrx_word' id='word_1_209' title='bbox 1047 3012 1207 3069; x_wconf 78' lang='grc' dir='ltr'>αὐτόν,</span> <span class='ocrx_word' id='word_1_210' title='bbox 1238 3013 1303 3063; x_wconf 88' lang='lat' dir='ltr'><strong>cs.</strong></span> <span class='ocrx_word' id='word_1_211' title='bbox 1341 3013 1558 3071; x_wconf 74' lang='lat' dir='ltr'><strong>Ronsch,</strong></span> <span class='ocrx_word' id='word_1_212' title='bbox 1587 3014 1740 3074; x_wconf 82' lang='lat' dir='ltr'><strong>Itala,</strong></span> 
     </span>
     <span class='ocr_line' id='line_1_29' title="bbox 583 3093 1742 3159; baseline 0 -17"><span class='ocrx_word' id='word_1_213' title='bbox 583 3111 670 3159; x_wconf 89' lang='lat' dir='ltr'><strong>pp.</strong></span> <span class='ocrx_word' id='word_1_214' title='bbox 713 3095 906 3159; x_wconf 88' lang='lat'><strong>406-—7</strong></span> <span class='ocrx_word' id='word_1_215' title='bbox 924 3113 940 3155; x_wconf 87' lang='lat'>;</span> <span class='ocrx_word' id='word_1_216' title='bbox 986 3094 1151 3143; x_wconf 84' lang='lat' dir='ltr'><strong>below</strong></span> <span class='ocrx_word' id='word_1_217' title='bbox 1191 3093 1243 3157; x_wconf 90' lang='lat' dir='ltr'><strong>(l.</strong></span> <span class='ocrx_word' id='word_1_218' title='bbox 1276 3093 1350 3157; x_wconf 88' lang='lat'><strong>14)</strong></span> <span class='ocrx_word' id='word_1_219' title='bbox 1393 3110 1469 3143; x_wconf 88' lang='lat' dir='ltr'><strong>we</strong></span> <span class='ocrx_word' id='word_1_220' title='bbox 1511 3094 1638 3142; x_wconf 89' lang='lat' dir='ltr'><strong>have</strong></span> <span class='ocrx_word' id='word_1_221' title='bbox 1685 3094 1742 3142; x_wconf 82' lang='lat' dir='ltr'><strong>in</strong></span> 
     </span>
     <span class='ocr_line' id='line_1_30' title="bbox 583 3173 1742 3240; baseline -0.003 -15"><span class='ocrx_word' id='word_1_222' title='bbox 583 3192 711 3225; x_wconf 82' lang='lat' dir='ltr'><strong>eum.</strong></span> <span class='ocrx_word' id='word_1_223' title='bbox 781 3177 842 3225; x_wconf 89' lang='lat' dir='ltr'><strong>In</strong></span> <span class='ocrx_word' id='word_1_224' title='bbox 877 3175 1134 3240; x_wconf 84' lang='lat' dir='ltr'><strong>repeating</strong></span> <span class='ocrx_word' id='word_1_225' title='bbox 1168 3173 1227 3223; x_wconf 85' lang='grc' dir='ltr'><strong>δι’</strong></span> <span class='ocrx_word' id='word_1_226' title='bbox 1264 3173 1411 3223; x_wconf 77' lang='grc' dir='ltr'>αὑτοῦ</span> <span class='ocrx_word' id='word_1_227' title='bbox 1440 3174 1608 3223; x_wconf 84' lang='lat' dir='ltr'><strong>before</strong></span> <span class='ocrx_word' id='word_1_228' title='bbox 1646 3176 1742 3222; x_wconf 81' lang='grc' dir='ltr'><strong>εἴτε</strong></span> 
     </span>
     <span class='ocr_line' id='line_1_31' title="bbox 584 3257 1740 3320; baseline -0.003 -13"><span class='ocrx_word' id='word_1_229' title='bbox 584 3260 665 3318; x_wconf 73' lang='grc' dir='ltr'><strong>τά,</strong></span> <span class='ocrx_word' id='word_1_230' title='bbox 706 3261 873 3318; x_wconf 86' lang='grc' dir='ltr'><strong>κ.τ.λ.,</strong></span> <span class='ocrx_word' id='word_1_231' title='bbox 924 3259 1023 3307; x_wconf 88' lang='lat' dir='ltr'><strong>Th.</strong></span> <span class='ocrx_word' id='word_1_232' title='bbox 1061 3258 1101 3307; x_wconf 92' lang='lat' dir='ltr'><strong>is</strong></span> <span class='ocrx_word' id='word_1_233' title='bbox 1146 3265 1197 3307; x_wconf 86' lang='lat' dir='ltr'><strong>at</strong></span> <span class='ocrx_word' id='word_1_234' title='bbox 1243 3274 1339 3306; x_wconf 87' lang='lat' dir='ltr'><strong>one</strong></span> <span class='ocrx_word' id='word_1_235' title='bbox 1380 3257 1499 3305; x_wconf 84' lang='lat' dir='ltr'><strong>with</strong></span> <span class='ocrx_word' id='word_1_236' title='bbox 1542 3257 1740 3320; x_wconf 87' lang='lat' dir='ltr'><strong>Chrys.‚</strong></span> 
     </span>
     <span class='ocr_line' id='line_1_32' title="bbox 584 3338 1740 3406; baseline -0.004 -16"><span class='ocrx_word' id='word_1_237' title='bbox 584 3342 760 3398; x_wconf 89' lang='lat' dir='ltr'><strong>Thdt.‚</strong></span> <span class='ocrx_word' id='word_1_238' title='bbox 794 3342 893 3390; x_wconf 85' lang='lat' dir='ltr'><strong>and</strong></span> <span class='ocrx_word' id='word_1_239' title='bbox 928 3341 1221 3406; x_wconf 85' lang='lat' dir='ltr'><strong>apparently</strong></span> <span class='ocrx_word' id='word_1_240' title='bbox 1257 3340 1412 3395; x_wconf 77' lang='lat' dir='ltr'><strong>Oce-3</strong></span> <span class='ocrx_word' id='word_1_241' title='bbox 1470 3339 1557 3388; x_wconf 89' lang='lat' dir='ltr'><strong>the</strong></span> <span class='ocrx_word' id='word_1_242' title='bbox 1592 3338 1740 3386; x_wconf 85' lang='lat' dir='ltr'><strong>Latin</strong></span> 
     </span>
     <span class='ocr_line' id='line_1_33' title="bbox 584 3418 1743 3473; baseline -0.005 0"><span class='ocrx_word' id='word_1_243' title='bbox 584 3423 874 3473; x_wconf 82' lang='lat' dir='ltr'><strong>authorities</strong></span> <span class='ocrx_word' id='word_1_244' title='bbox 923 3437 1058 3471; x_wconf 87' lang='lat' dir='ltr'><strong>seem</strong></span> <span class='ocrx_word' id='word_1_245' title='bbox 1112 3426 1166 3470; x_wconf 90' lang='lat' dir='ltr'><strong>to</strong></span> <span class='ocrx_word' id='word_1_246' title='bbox 1221 3420 1284 3469; x_wconf 92' lang='lat' dir='ltr'><strong>be</strong></span> <span class='ocrx_word' id='word_1_247' title='bbox 1337 3419 1634 3468; x_wconf 87' lang='lat' dir='ltr'><strong>unanimous</strong></span> <span class='ocrx_word' id='word_1_248' title='bbox 1689 3418 1743 3467; x_wconf 89' lang='lat' dir='ltr'><strong>in</strong></span> 
     </span>
     <span class='ocr_line' id='line_1_34' title="bbox 588 3498 1746 3567; baseline -0.003 -13"><span class='ocrx_word' id='word_1_249' title='bbox 588 3504 820 3567; x_wconf 85' lang='lat' dir='ltr'><strong>omitting</strong></span> <span class='ocrx_word' id='word_1_250' title='bbox 866 3503 950 3551; x_wconf 89' lang='lat' dir='ltr'><strong>the</strong></span> <span class='ocrx_word' id='word_1_251' title='bbox 982 3503 1164 3550; x_wconf 89' lang='lat' dir='ltr'><strong>words.</strong></span> <span class='ocrx_word' id='word_1_252' title='bbox 1245 3502 1312 3549; x_wconf 85' lang='lat' dir='ltr'><strong>In</strong></span> <span class='ocrx_word' id='word_1_253' title='bbox 1346 3502 1493 3550; x_wconf 77' lang='lat' dir='ltr'><strong>terris</strong></span> <span class='ocrx_word' id='word_1_254' title='bbox 1527 3503 1627 3560; x_wconf 80' lang='grc' dir='ltr'>(ἐπὶ</span> <span class='ocrx_word' id='word_1_255' title='bbox 1660 3498 1746 3559; x_wconf 85' lang='grc' dir='ltr'><strong>τῆς</strong></span> 
     </span>
     <span class='ocr_line' id='line_1_35' title="bbox 588 3580 1745 3646; baseline -0.003 -12"><span class='ocrx_word' id='word_1_256' title='bbox 588 3582 709 3644; x_wconf 73' lang='grc' dir='ltr'><strong>γῆςε</strong></span> <span class='ocrx_word' id='word_1_257' title='bbox 750 3584 814 3633; x_wconf 91' lang='lat' dir='ltr'><strong>cf.</strong></span> <span class='ocrx_word' id='word_1_258' title='bbox 842 3588 1035 3646; x_wconf 88' lang='lat' dir='ltr'><strong>“super</strong></span> <span class='ocrx_word' id='word_1_259' title='bbox 1067 3580 1303 3641; x_wconf 85' lang='lat' dir='ltr'><strong>terram,”</strong></span> <span class='ocrx_word' id='word_1_260' title='bbox 1338 3598 1385 3645; x_wconf 90' lang='lat' dir='ltr'><strong>p.</strong></span> <span class='ocrx_word' id='word_1_261' title='bbox 1418 3594 1527 3643; x_wconf 80' lang='lat'><strong>270,</strong></span> <span class='ocrx_word' id='word_1_262' title='bbox 1555 3581 1590 3629; x_wconf 89' lang='lat' dir='ltr'><strong>l.</strong></span> <span class='ocrx_word' id='word_1_263' title='bbox 1623 3583 1668 3642; x_wconf 79' lang='grc' dir='ltr'><strong>ι)</strong></span> <span class='ocrx_word' id='word_1_264' title='bbox 1702 3581 1745 3631; x_wconf 88' lang='lat' dir='ltr'><strong>is</strong></span> 
     </span>
     <span class='ocr_line' id='line_1_36' title="bbox 591 3664 1000 3727; baseline -0.012 -12"><span class='ocrx_word' id='word_1_265' title='bbox 591 3666 717 3715; x_wconf 86' lang='lat' dir='ltr'><strong>from</strong></span> <span class='ocrx_word' id='word_1_266' title='bbox 741 3664 825 3714; x_wconf 89' lang='lat' dir='ltr'><strong>the</strong></span> <span class='ocrx_word' id='word_1_267' title='bbox 850 3664 1000 3727; x_wconf 87' lang='lat' dir='ltr'><strong>Vulg.</strong></span> 
     </span>
    </p>

    <p class='ocr_par' dir='ltr' id='par_1_16' title="bbox 594 3742 1756 4540">
     <span class='ocr_line' id='line_1_37' title="bbox 665 3742 1747 3807; baseline -0.002 -14"><span class='ocrx_word' id='word_1_268' title='bbox 665 3759 739 3793; x_wconf 81' lang='grc' dir='ltr'><strong>ιο.</strong></span> <span class='ocrx_word' id='word_1_269' title='bbox 786 3759 837 3793; x_wconf 84' lang='lat' dir='ltr'><strong>eo</strong></span> <span class='ocrx_word' id='word_1_270' title='bbox 858 3743 1095 3807; x_wconf 84' lang='lat' dir='ltr'><strong>quod...et</strong></span> <span class='ocrx_word' id='word_1_271' title='bbox 1112 3743 1406 3801; x_wconf 76' lang='lat' dir='ltr'><strong>resurrexit]</strong></span> <span class='ocrx_word' id='word_1_272' title='bbox 1469 3742 1564 3792; x_wconf 88' lang='lat' dir='ltr'><strong>See</strong></span> <span class='ocrx_word' id='word_1_273' title='bbox 1586 3742 1747 3791; x_wconf 83' lang='lat' dir='ltr'><strong>above</strong></span> 
     </span>
     <span class='ocr_line' id='line_1_38' title="bbox 594 3824 1747 3889; baseline -0.004 -12"><span class='ocrx_word' id='word_1_274' title='bbox 594 3843 659 3877; x_wconf 91' lang='lat' dir='ltr'><strong>on</strong></span> <span class='ocrx_word' id='word_1_275' title='bbox 694 3843 739 3875; x_wconf 90' lang='lat' dir='ltr'><strong>c.</strong></span> <span class='ocrx_word' id='word_1_276' title='bbox 775 3826 810 3875; x_wconf 92' lang='lat' dir='ltr'><strong>i.</strong></span> <span class='ocrx_word' id='word_1_277' title='bbox 852 3842 926 3888; x_wconf 86' lang='lat'><strong>14.</strong></span> <span class='ocrx_word' id='word_1_278' title='bbox 997 3826 1148 3874; x_wconf 88' lang='lat' dir='ltr'><strong>From</strong></span> <span class='ocrx_word' id='word_1_279' title='bbox 1183 3824 1324 3874; x_wconf 90' lang='lat' dir='ltr'><strong>Th.’s</strong></span> <span class='ocrx_word' id='word_1_280' title='bbox 1358 3825 1498 3889; x_wconf 86' lang='lat' dir='ltr'><strong>point</strong></span> <span class='ocrx_word' id='word_1_281' title='bbox 1534 3825 1592 3873; x_wconf 88' lang='lat' dir='ltr'><strong>of</strong></span> <span class='ocrx_word' id='word_1_282' title='bbox 1622 3826 1747 3874; x_wconf 86' lang='lat' dir='ltr'><strong>view</strong></span> 
     </span>
     <span class='ocr_line' id='line_1_39' title="bbox 594 3907 1748 3972; baseline -0.002 -14"><span class='ocrx_word' id='word_1_283' title='bbox 594 3910 680 3959; x_wconf 90' lang='lat' dir='ltr'><strong>the</strong></span> <span class='ocrx_word' id='word_1_284' title='bbox 705 3909 871 3958; x_wconf 88' lang='lat' dir='ltr'><strong>Death</strong></span> <span class='ocrx_word' id='word_1_285' title='bbox 896 3907 953 3956; x_wconf 89' lang='lat' dir='ltr'><strong>of</strong></span> <span class='ocrx_word' id='word_1_286' title='bbox 975 3908 1081 3957; x_wconf 90' lang='lat' dir='ltr'><strong>Our</strong></span> <span class='ocrx_word' id='word_1_287' title='bbox 1110 3907 1245 3956; x_wconf 90' lang='lat' dir='ltr'><strong>Lord</strong></span> <span class='ocrx_word' id='word_1_288' title='bbox 1270 3923 1370 3955; x_wconf 85' lang='lat' dir='ltr'><strong>was</strong></span> <span class='ocrx_word' id='word_1_289' title='bbox 1402 3923 1491 3956; x_wconf 87' lang='lat' dir='ltr'><strong>our</strong></span> <span class='ocrx_word' id='word_1_290' title='bbox 1522 3909 1748 3972; x_wconf 87' lang='lat' dir='ltr'><strong>redemp-</strong></span> 
     </span>
     <span class='ocr_line' id='line_1_40' title="bbox 596 3989 1749 4054; baseline -0.002 -14"><span class='ocrx_word' id='word_1_291' title='bbox 596 3991 702 4041; x_wconf 88' lang='lat' dir='ltr'><strong>tion</strong></span> <span class='ocrx_word' id='word_1_292' title='bbox 739 3990 920 4054; x_wconf 85' lang='lat' dir='ltr'><strong>chiefly</strong></span> <span class='ocrx_word' id='word_1_293' title='bbox 952 4005 1007 4038; x_wconf 88' lang='lat' dir='ltr'><strong>as</strong></span> <span class='ocrx_word' id='word_1_294' title='bbox 1040 3990 1190 4053; x_wconf 83' lang='lat' dir='ltr'><strong>being</strong></span> <span class='ocrx_word' id='word_1_295' title='bbox 1224 3989 1307 4038; x_wconf 92' lang='lat' dir='ltr'><strong>the</strong></span> <span class='ocrx_word' id='word_1_296' title='bbox 1341 4005 1451 4052; x_wconf 83' lang='lat' dir='ltr'><strong>way</strong></span> <span class='ocrx_word' id='word_1_297' title='bbox 1483 3989 1550 4052; x_wconf 90' lang='lat' dir='ltr'><strong>by</strong></span> <span class='ocrx_word' id='word_1_298' title='bbox 1584 3990 1749 4038; x_wconf 87' lang='lat' dir='ltr'><strong>which</strong></span> 
     </span>
     <span class='ocr_line' id='line_1_41' title="bbox 596 4069 1750 4133; baseline -0.003 -14"><span class='ocrx_word' id='word_1_299' title='bbox 596 4086 650 4119; x_wconf 85' lang='lat' dir='ltr'><strong>as</strong></span> <span class='ocrx_word' id='word_1_300' title='bbox 676 4085 789 4118; x_wconf 87' lang='lat' dir='ltr'><strong>man</strong></span> <span class='ocrx_word' id='word_1_301' title='bbox 811 4069 894 4117; x_wconf 80' lang='lat' dir='ltr'><strong>Ile</strong></span> <span class='ocrx_word' id='word_1_302' title='bbox 916 4069 1092 4133; x_wconf 83' lang='lat' dir='ltr'><strong>passed</strong></span> <span class='ocrx_word' id='word_1_303' title='bbox 1118 4069 1224 4117; x_wconf 91' lang='lat' dir='ltr'><strong>into</strong></span> <span class='ocrx_word' id='word_1_304' title='bbox 1247 4069 1330 4117; x_wconf 89' lang='lat' dir='ltr'><strong>the</strong></span> <span class='ocrx_word' id='word_1_305' title='bbox 1352 4069 1513 4117; x_wconf 88' lang='lat' dir='ltr'><strong>better</strong></span> <span class='ocrx_word' id='word_1_306' title='bbox 1536 4069 1652 4129; x_wconf 87' lang='lat' dir='ltr'><strong>life;</strong></span> <span class='ocrx_word' id='word_1_307' title='bbox 1686 4070 1750 4119; x_wconf 85' lang='lat' dir='ltr'><strong>cf.</strong></span> 
     </span>
     <span class='ocr_line' id='line_1_42' title="bbox 599 4147 1752 4215; baseline -0.003 -14"><span class='ocrx_word' id='word_1_308' title='bbox 599 4152 787 4215; x_wconf 84' lang='lat' dir='ltr'><strong>Migne,</strong></span> <span class='ocrx_word' id='word_1_309' title='bbox 823 4147 916 4213; x_wconf 81' lang='lat'><strong>645</strong></span> <span class='ocrx_word' id='word_1_310' title='bbox 958 4150 1043 4210; x_wconf 90' lang='lat' dir='ltr'><strong>(on</strong></span> <span class='ocrx_word' id='word_1_311' title='bbox 1067 4149 1195 4197; x_wconf 89' lang='lat' dir='ltr'><strong>Gen.</strong></span> <span class='ocrx_word' id='word_1_312' title='bbox 1220 4149 1338 4197; x_wconf 83' lang='lat' dir='ltr'><strong>xlix.</strong></span> <span class='ocrx_word' id='word_1_313' title='bbox 1371 4148 1475 4211; x_wconf 58' lang='lat'><strong>103:</strong></span> <span class='ocrx_word' id='word_1_314' title='bbox 1513 4151 1588 4199; x_wconf 75' lang='grc' dir='ltr'><strong>ἵνα</strong></span> <span class='ocrx_word' id='word_1_315' title='bbox 1618 4152 1752 4212; x_wconf 75' lang='grc' dir='ltr'>εἴπῃ,</span> 
     </span>
     <span class='ocr_line' id='line_1_43' title="bbox 597 4228 1756 4295; baseline 0.001 -14"><span class='ocrx_word' id='word_1_316' title='bbox 597 4232 896 4294; x_wconf 52' lang='grc' dir='ltr'>ὅτι-δέξεται</span> <span class='ocrx_word' id='word_1_317' title='bbox 930 4228 986 4279; x_wconf 79' lang='grc' dir='ltr'><strong>τὸ</strong></span> <span class='ocrx_word' id='word_1_318' title='bbox 1029 4232 1177 4281; x_wconf 80' lang='grc' dir='ltr'>πάθος</span> <span class='ocrx_word' id='word_1_319' title='bbox 1214 4229 1296 4282; x_wconf 76' lang='grc' dir='ltr'><strong>οὐκ</strong></span> <span class='ocrx_word' id='word_1_320' title='bbox 1333 4233 1416 4281; x_wconf 76' lang='grc' dir='ltr'><strong>ἐπὶ</strong></span> <span class='ocrx_word' id='word_1_321' title='bbox 1451 4235 1654 4295; x_wconf 78' lang='grc' dir='ltr'>τιμωρίᾳ</span> <span class='ocrx_word' id='word_1_322' title='bbox 1694 4232 1756 4283; x_wconf 83' lang='grc' dir='ltr'><strong>ὠς</strong></span> 
     </span>
     <span class='ocr_line' id='line_1_44' title="bbox 599 4311 1754 4376; baseline -0.001 -13"><span class='ocrx_word' id='word_1_323' title='bbox 599 4319 643 4363; x_wconf 76' lang='grc' dir='ltr'><strong>οἱ</strong></span> <span class='ocrx_word' id='word_1_324' title='bbox 685 4315 861 4372; x_wconf 73' lang='grc' dir='ltr'>λοιποί,</span> <span class='ocrx_word' id='word_1_325' title='bbox 911 4311 1019 4362; x_wconf 72' lang='grc' dir='ltr'>ἀλλ’</span> <span class='ocrx_word' id='word_1_326' title='bbox 1060 4313 1118 4363; x_wconf 79' lang='grc' dir='ltr'><strong>ὠς</strong></span> <span class='ocrx_word' id='word_1_327' title='bbox 1164 4317 1287 4362; x_wconf 78' lang='grc' dir='ltr'>πολὺ</span> <span class='ocrx_word' id='word_1_328' title='bbox 1332 4314 1659 4376; x_wconf 81' lang='grc' dir='ltr'>λαμπρότερος</span> <span class='ocrx_word' id='word_1_329' title='bbox 1704 4315 1754 4372; x_wconf 76' lang='grc' dir='ltr'><strong>ἐξ</strong></span> 
     </span>
     <span class='ocr_line' id='line_1_45' title="bbox 601 4394 1755 4458; baseline -0.001 -11"><span class='ocrx_word' id='word_1_330' title='bbox 601 4395 746 4447; x_wconf 78' lang='grc' dir='ltr'>αὐτοῦ</span> <span class='ocrx_word' id='word_1_331' title='bbox 804 4395 1031 4457; x_wconf 84' lang='grc' dir='ltr'>φανῆναι,</span> <span class='ocrx_word' id='word_1_332' title='bbox 1091 4394 1326 4446; x_wconf 74' lang='grc' dir='ltr'>ἀθάνατος</span> <span class='ocrx_word' id='word_1_333' title='bbox 1381 4398 1459 4445; x_wconf 78' lang='grc' dir='ltr'><strong>καὶ</strong></span> <span class='ocrx_word' id='word_1_334' title='bbox 1512 4394 1755 4458; x_wconf 80' lang='grc' dir='ltr'>ἄφθαρτος</span> 
     </span>
     <span class='ocr_line' id='line_1_46' title="bbox 600 4476 1754 4540; baseline 0.001 -15"><span class='ocrx_word' id='word_1_335' title='bbox 600 4476 826 4540; x_wconf 67' lang='grc' dir='ltr'><strong>γεγονώς.</strong></span> <span class='ocrx_word' id='word_1_336' title='bbox 911 4478 983 4525; x_wconf 85' lang='lat' dir='ltr'><strong>lb.</strong></span> <span class='ocrx_word' id='word_1_337' title='bbox 1038 4491 1189 4527; x_wconf 85' lang='lat'>1010:</span> <span class='ocrx_word' id='word_1_338' title='bbox 1265 4479 1524 4526; x_wconf 89' lang='lat' dir='ltr'><strong>“mortem</strong></span> <span class='ocrx_word' id='word_1_339' title='bbox 1580 4484 1754 4539; x_wconf 82' lang='lat' dir='ltr'><strong>utpote</strong></span> 
     </span>
    </p>
   </div>
   <div class='ocr_carea' id='block_1_16' title="bbox 1216 2403 2256 2548">
    <p class='ocr_par' dir='ltr' id='par_1_17' title="bbox 1216 2403 2256 2548">
     <span class='ocr_line' id='line_1_47' title="bbox 1216 2403 1831 2467; baseline -0.002 -15"><span class='ocrx_word' id='word_1_340' title='bbox 1216 2418 1243 2452; x_wconf 68' lang='grc' dir='ltr'><strong><em>ἰ</em></strong></span> <span class='ocrx_word' id='word_1_341' title='bbox 1280 2403 1466 2467; x_wconf 85' lang='lat' dir='ltr'><strong>placuit</strong></span> <span class='ocrx_word' id='word_1_342' title='bbox 1492 2403 1605 2452; x_wconf 89' lang='lat' dir='ltr'><strong>Deo</strong></span> <span class='ocrx_word' id='word_1_343' title='bbox 1628 2419 1742 2453; x_wconf 90' lang='lat' dir='ltr'><strong>meo</strong></span> <span class='ocrx_word' id='word_1_344' title='bbox 1767 2403 1831 2451; x_wconf 81' lang='lat' dir='ltr'><em>H</em></span> 
     </span>
     <span class='ocr_line' id='line_1_48' title="bbox 1786 2484 2256 2548; baseline 0.002 -15"><span class='ocrx_word' id='word_1_345' title='bbox 1786 2499 1843 2545; x_wconf 83' lang='lat'><strong>14</strong></span> <span class='ocrx_word' id='word_1_346' title='bbox 1877 2491 1929 2533; x_wconf 89' lang='lat' dir='ltr'><strong>ut</strong></span> <span class='ocrx_word' id='word_1_347' title='bbox 1966 2491 2087 2548; x_wconf 90' lang='lat' dir='ltr'><strong>puto</strong></span> <span class='ocrx_word' id='word_1_348' title='bbox 2126 2484 2169 2533; x_wconf 92' lang='lat' dir='ltr'><em>C</em></span> <span class='ocrx_word' id='word_1_349' title='bbox 2189 2485 2256 2534; x_wconf 83' lang='lat' dir='ltr'><em>H</em></span> 
     </span>
    </p>
   </div>
   <div class='ocr_carea' id='block_1_17' title="bbox 1989 2399 2987 2463">
    <p class='ocr_par' dir='ltr' id='par_1_18' title="bbox 1989 2399 2987 2463">
     <span class='ocr_line' id='line_1_49' title="bbox 1989 2399 2987 2463; baseline -0.003 -12"><span class='ocrx_word' id='word_1_350' title='bbox 1989 2415 2016 2463; x_wconf 83' lang='lat'>5</span> <span class='ocrx_word' id='word_1_351' title='bbox 2051 2400 2357 2451; x_wconf 85' lang='lat' dir='ltr'><strong>reconciliari</strong></span> <span class='ocrx_word' id='word_1_352' title='bbox 2386 2401 2432 2450; x_wconf 91' lang='lat' dir='ltr'><em>C</em></span> <span class='ocrx_word' id='word_1_353' title='bbox 2452 2399 2599 2462; x_wconf 80' lang='lat' dir='ltr'><strong>(corr)</strong></span> <span class='ocrx_word' id='word_1_354' title='bbox 2759 2414 2779 2450; x_wconf 84' lang='lat'>1</span> <span class='ocrx_word' id='word_1_355' title='bbox 2794 2413 2813 2449; x_wconf 83' lang='lat'>1</span> <span class='ocrx_word' id='word_1_356' title='bbox 2851 2414 2987 2449; x_wconf 86' lang='lat' dir='ltr'><strong>com·</strong></span> 
     </span>
    </p>
   </div>
   <div class='ocr_carea' id='block_1_18' title="bbox 1836 2689 3013 4377">
    <p class='ocr_par' dir='ltr' id='par_1_19' title="bbox 1836 2689 3000 3400">
     <span class='ocr_line' id='line_1_50' title="bbox 1836 2689 2966 2755; baseline 0.002 -17"><span class='ocrx_word' id='word_1_357' title='bbox 1836 2698 2041 2739; x_wconf 87' lang='lat' dir='ltr'><strong>naturae</strong></span> <span class='ocrx_word' id='word_1_358' title='bbox 2071 2689 2308 2738; x_wconf 86' lang='lat' dir='ltr'><strong>tributum</strong></span> <span class='ocrx_word' id='word_1_359' title='bbox 2337 2697 2590 2753; x_wconf 86' lang='lat' dir='ltr'><strong>postremo</strong></span> <span class='ocrx_word' id='word_1_360' title='bbox 2618 2689 2841 2755; x_wconf 88' lang='lat' dir='ltr'><strong>suscipit,</strong></span> <span class='ocrx_word' id='word_1_361' title='bbox 2871 2700 2966 2742; x_wconf 90' lang='lat' dir='ltr'><strong>ut..</strong></span> 
     </span>
     <span class='ocr_line' id='line_1_51' title="bbox 1836 2769 2991 2822; baseline 0.003 -3"><span class='ocrx_word' id='word_1_362' title='bbox 1836 2770 2052 2819; x_wconf 87' lang='lat' dir='ltr'><strong>moriens</strong></span> <span class='ocrx_word' id='word_1_363' title='bbox 2087 2778 2136 2819; x_wconf 91' lang='lat' dir='ltr'><strong>et</strong></span> <span class='ocrx_word' id='word_1_364' title='bbox 2173 2786 2204 2818; x_wconf 86' lang='lat' dir='ltr'><strong>a</strong></span> <span class='ocrx_word' id='word_1_365' title='bbox 2241 2769 2448 2819; x_wconf 89' lang='lat' dir='ltr'><strong>mortuis</strong></span> <span class='ocrx_word' id='word_1_366' title='bbox 2493 2770 2665 2819; x_wconf 87' lang='lat' dir='ltr'><strong>diuina</strong></span> <span class='ocrx_word' id='word_1_367' title='bbox 2702 2771 2884 2822; x_wconf 86' lang='lat' dir='ltr'><strong>uirtute</strong></span> <span class='ocrx_word' id='word_1_368' title='bbox 2918 2788 2991 2822; x_wconf 92' lang='lat' dir='ltr'><strong>re·</strong></span> 
     </span>
     <span class='ocr_line' id='line_1_52' title="bbox 1838 2852 2993 2919; baseline 0.003 -16"><span class='ocrx_word' id='word_1_369' title='bbox 1838 2870 2056 2919; x_wconf 77' lang='lat' dir='ltr'><strong>surgenS,</strong></span> <span class='ocrx_word' id='word_1_370' title='bbox 2076 2853 2274 2902; x_wconf 86' lang='lat' dir='ltr'><strong>initium</strong></span> <span class='ocrx_word' id='word_1_371' title='bbox 2291 2852 2481 2903; x_wconf 88' lang='lat' dir='ltr'><strong>cunctis</strong></span> <span class='ocrx_word' id='word_1_372' title='bbox 2503 2853 2805 2903; x_wconf 87' lang='lat' dir='ltr'><strong>hominibus.</strong></span> <span class='ocrx_word' id='word_1_373' title='bbox 2816 2892 2827 2903; x_wconf 94' lang='lat'><strong>.</strong></span> <span class='ocrx_word' id='word_1_374' title='bbox 2838 2855 2993 2905; x_wconf 82' lang='lat' dir='ltr'><strong>‚fieret</strong></span> 
     </span>
     <span class='ocr_line' id='line_1_53' title="bbox 1837 2933 2994 2997; baseline 0.001 -12"><span class='ocrx_word' id='word_1_375' title='bbox 1837 2944 1889 2985; x_wconf 87' lang='lat' dir='ltr'><strong>ut</strong></span> <span class='ocrx_word' id='word_1_376' title='bbox 1946 2952 1977 2985; x_wconf 85' lang='lat' dir='ltr'><strong>a</strong></span> <span class='ocrx_word' id='word_1_377' title='bbox 2030 2934 2238 2984; x_wconf 89' lang='lat' dir='ltr'><strong>mortuis</strong></span> <span class='ocrx_word' id='word_1_378' title='bbox 2294 2933 2547 2997; x_wconf 82' lang='lat' dir='ltr'><strong>surgant.”</strong></span> <span class='ocrx_word' id='word_1_379' title='bbox 2615 2936 2850 2986; x_wconf 88' lang='lat' dir='ltr'><strong>Contrast</strong></span> <span class='ocrx_word' id='word_1_380' title='bbox 2907 2938 2994 2986; x_wconf 90' lang='lat' dir='ltr'><strong>the</strong></span> 
     </span>
     <span class='ocr_line' id='line_1_54' title="bbox 1836 3011 2996 3078; baseline 0.003 -16"><span class='ocrx_word' id='word_1_381' title='bbox 1836 3028 2020 3062; x_wconf 89' lang='lat' dir='ltr'><strong>comm.</strong></span> <span class='ocrx_word' id='word_1_382' title='bbox 2047 3013 2105 3062; x_wconf 95' lang='lat' dir='ltr'><strong>of</strong></span> <span class='ocrx_word' id='word_1_383' title='bbox 2127 3014 2282 3063; x_wconf 89' lang='lat' dir='ltr'><strong>Thdt.</strong></span> <span class='ocrx_word' id='word_1_384' title='bbox 2306 3013 2378 3060; x_wconf 88' lang='lat' dir='ltr'><strong>ad</strong></span> <span class='ocrx_word' id='word_1_385' title='bbox 2393 3014 2444 3061; x_wconf 82' lang='grc' dir='ltr'><strong>Ιι.</strong></span> <span class='ocrx_word' id='word_1_386' title='bbox 2469 3013 2537 3061; x_wconf 80' lang='lat' dir='ltr'><strong>L:</strong></span> <span class='ocrx_word' id='word_1_387' title='bbox 2570 3011 2711 3065; x_wconf 74' lang='grc' dir='ltr'>αὐτὸς</span> <span class='ocrx_word' id='word_1_388' title='bbox 2739 3017 2996 3078; x_wconf 69' lang='grc' dir='ltr'>ἐπραγμα-</span> 
     </span>
     <span class='ocr_line' id='line_1_55' title="bbox 1836 3093 2998 3158; baseline 0.004 -15"><span class='ocrx_word' id='word_1_389' title='bbox 1836 3093 2043 3144; x_wconf 73' lang='grc' dir='ltr'>τεύσατο</span> <span class='ocrx_word' id='word_1_390' title='bbox 2105 3093 2192 3146; x_wconf 62' lang='grc' dir='ltr'>τοῖς</span> <span class='ocrx_word' id='word_1_391' title='bbox 2253 3095 2484 3156; x_wconf 82' lang='grc' dir='ltr'>ἡμετέρας</span> <span class='ocrx_word' id='word_1_392' title='bbox 2549 3096 2878 3158; x_wconf 76' lang='grc' dir='ltr'><strong>συναλλαγείς,</strong></span> <span class='ocrx_word' id='word_1_393' title='bbox 2937 3097 2998 3147; x_wconf 77' lang='grc' dir='ltr'><strong>τὸ</strong></span> 
     </span>
     <span class='ocr_line' id='line_1_56' title="bbox 1839 3174 2998 3238; baseline 0.004 -15"><span class='ocrx_word' id='word_1_394' title='bbox 1839 3174 2070 3238; x_wconf 79' lang='grc' dir='ltr'>σωτήριον</span> <span class='ocrx_word' id='word_1_395' title='bbox 2125 3177 2377 3234; x_wconf 74' lang='grc' dir='ltr'>ὑπομείνας</span> <span class='ocrx_word' id='word_1_396' title='bbox 2432 3174 2599 3233; x_wconf 79' lang='grc' dir='ltr'>πάθος,</span> <span class='ocrx_word' id='word_1_397' title='bbox 2656 3179 2736 3226; x_wconf 79' lang='grc' dir='ltr'><strong>καὶ</strong></span> <span class='ocrx_word' id='word_1_398' title='bbox 2777 3177 2837 3227; x_wconf 84' lang='grc' dir='ltr'><strong>τὸ</strong></span> <span class='ocrx_word' id='word_1_399' title='bbox 2878 3179 2998 3238; x_wconf 73' lang='grc' dir='ltr'><strong>αἷμα</strong></span> 
     </span>
     <span class='ocr_line' id='line_1_57' title="bbox 1839 3254 3000 3324; baseline 0.006 -22"><span class='ocrx_word' id='word_1_400' title='bbox 1839 3257 2012 3317; x_wconf 75' lang='grc' dir='ltr'>ἐκχέας</span> <span class='ocrx_word' id='word_1_401' title='bbox 2055 3258 2134 3306; x_wconf 79' lang='grc' dir='ltr'><strong>καὶ</strong></span> <span class='ocrx_word' id='word_1_402' title='bbox 2176 3255 2264 3315; x_wconf 84' lang='grc' dir='ltr'><strong>τὴν</strong></span> <span class='ocrx_word' id='word_1_403' title='bbox 2308 3254 2427 3318; x_wconf 81' lang='grc' dir='ltr'>ὑπὲρ</span> <span class='ocrx_word' id='word_1_404' title='bbox 2462 3254 2592 3317; x_wconf 73' lang='grc' dir='ltr'>ἡμῶν</span> <span class='ocrx_word' id='word_1_405' title='bbox 2641 3258 2810 3308; x_wconf 69' lang='grc' dir='ltr'>θυσίαν</span> <span class='ocrx_word' id='word_1_406' title='bbox 2850 3277 3000 3324; x_wconf 84' lang='grc' dir='ltr'>προσ-</span> 
     </span>
     <span class='ocr_line' id='line_1_58' title="bbox 1840 3337 2803 3400; baseline 0.004 -14"><span class='ocrx_word' id='word_1_407' title='bbox 1840 3337 2065 3400; x_wconf 78' lang='grc' dir='ltr'><strong>ενεγκών.</strong></span> <span class='ocrx_word' id='word_1_408' title='bbox 2798 3390 2803 3397; x_wconf 73' lang='grc'><strong>,</strong></span> 
     </span>
    </p>

    <p class='ocr_par' dir='ltr' id='par_1_20' title="bbox 1843 3421 2998 3567">
     <span class='ocr_line' id='line_1_59' title="bbox 1914 3421 2998 3485; baseline 0.005 -17"><span class='ocrx_word' id='word_1_409' title='bbox 1914 3435 1987 3481; x_wconf 85' lang='lat'><strong>13.</strong></span> <span class='ocrx_word' id='word_1_410' title='bbox 2066 3422 2192 3469; x_wconf 81' lang='lat' dir='ltr'><strong>sicut</strong></span> <span class='ocrx_word' id='word_1_411' title='bbox 2242 3428 2286 3469; x_wconf 84' lang='lat' dir='ltr'><strong>et</strong></span> <span class='ocrx_word' id='word_1_412' title='bbox 2343 3421 2400 3469; x_wconf 83' lang='lat' dir='ltr'><strong>in</strong></span> <span class='ocrx_word' id='word_1_413' title='bbox 2463 3423 2821 3485; x_wconf 67' lang='lat' dir='ltr'><strong>supmbribus]</strong></span> <span class='ocrx_word' id='word_1_414' title='bbox 2913 3424 2998 3475; x_wconf 86' lang='lat' dir='ltr'><strong>Cf.</strong></span> 
     </span>
     <span class='ocr_line' id='line_1_60' title="bbox 1843 3501 2132 3567; baseline 0.003 -18"><span class='ocrx_word' id='word_1_415' title='bbox 1843 3517 1897 3566; x_wconf 88' lang='lat' dir='ltr'><strong>p.</strong></span> <span class='ocrx_word' id='word_1_416' title='bbox 1923 3501 2033 3564; x_wconf 79' lang='lat'><strong>267,</strong></span> <span class='ocrx_word' id='word_1_417' title='bbox 2058 3518 2132 3567; x_wconf 88' lang='lat' dir='ltr'><strong>sq.</strong></span> 
     </span>
    </p>

    <p class='ocr_par' dir='ltr' id='par_1_21' title="bbox 1845 3585 3004 3810">
     <span class='ocr_line' id='line_1_61' title="bbox 1910 3585 3000 3652; baseline 0.006 -19"><span class='ocrx_word' id='word_1_418' title='bbox 1910 3585 2204 3649; x_wconf 80' lang='lat' dir='ltr'><strong>inspiciunt]</strong></span> <span class='ocrx_word' id='word_1_419' title='bbox 2239 3585 2349 3635; x_wconf 88' lang='lat' dir='ltr'><strong>The</strong></span> <span class='ocrx_word' id='word_1_420' title='bbox 2383 3586 2563 3635; x_wconf 85' lang='lat' dir='ltr'><strong>almost</strong></span> <span class='ocrx_word' id='word_1_421' title='bbox 2594 3586 2781 3637; x_wconf 90' lang='lat' dir='ltr'><strong>certain</strong></span> <span class='ocrx_word' id='word_1_422' title='bbox 2803 3587 3000 3652; x_wconf 89' lang='lat' dir='ltr'><strong>conjec-</strong></span> 
     </span>
     <span class='ocr_line' id='line_1_62' title="bbox 1845 3664 3004 3730; baseline 0.004 -17"><span class='ocrx_word' id='word_1_423' title='bbox 1845 3671 1953 3713; x_wconf 89' lang='lat' dir='ltr'><strong>ture</strong></span> <span class='ocrx_word' id='word_1_424' title='bbox 1998 3665 2056 3713; x_wconf 93' lang='lat' dir='ltr'><strong>of</strong></span> <span class='ocrx_word' id='word_1_425' title='bbox 2094 3665 2169 3714; x_wconf 89' lang='lat' dir='ltr'><strong>Dr</strong></span> <span class='ocrx_word' id='word_1_426' title='bbox 2200 3665 2409 3729; x_wconf 88' lang='lat' dir='ltr'><strong>Jacobi;</strong></span> <span class='ocrx_word' id='word_1_427' title='bbox 2457 3664 2517 3714; x_wconf 88' lang='lat' dir='ltr'><strong>cf.</strong></span> <span class='ocrx_word' id='word_1_428' title='bbox 2559 3681 2644 3730; x_wconf 89' lang='lat' dir='ltr'><strong>pp.</strong></span> <span class='ocrx_word' id='word_1_429' title='bbox 2687 3682 2797 3730; x_wconf 79' lang='lat'><strong>243,</strong></span> <span class='ocrx_word' id='word_1_430' title='bbox 2837 3668 2870 3717; x_wconf 91' lang='lat'><strong>1.</strong></span> <span class='ocrx_word' id='word_1_431' title='bbox 2912 3668 3004 3728; x_wconf 73' lang='lat'><strong>163</strong></span> 
     </span>
     <span class='ocr_line' id='line_1_63' title="bbox 1850 3746 2097 3810; baseline 0.004 -15"><span class='ocrx_word' id='word_1_432' title='bbox 1850 3763 1959 3810; x_wconf 83' lang='lat'>244,</span> <span class='ocrx_word' id='word_1_433' title='bbox 1989 3746 2021 3795; x_wconf 92' lang='lat' dir='ltr'><strong>l.</strong></span> <span class='ocrx_word' id='word_1_434' title='bbox 2052 3761 2097 3796; x_wconf 83' lang='lat'><strong>2.</strong></span> 
     </span>
    </p>

    <p class='ocr_par' dir='ltr' id='par_1_22' title="bbox 1849 3827 3013 4377">
     <span class='ocr_line' id='line_1_64' title="bbox 1919 3827 3005 3892; baseline 0 -14"><span class='ocrx_word' id='word_1_435' title='bbox 1919 3845 1994 3890; x_wconf 88' lang='lat'><strong>14.</strong></span> <span class='ocrx_word' id='word_1_436' title='bbox 2063 3835 2124 3877; x_wconf 82' lang='lat' dir='ltr'><strong>ut</strong></span> <span class='ocrx_word' id='word_1_437' title='bbox 2164 3829 2314 3892; x_wconf 74' lang='lat' dir='ltr'><strong>puta]</strong></span> <span class='ocrx_word' id='word_1_438' title='bbox 2427 3827 2508 3876; x_wconf 89' lang='lat' dir='ltr'><strong>Cf.</strong></span> <span class='ocrx_word' id='word_1_439' title='bbox 2568 3829 2787 3889; x_wconf 69' lang='lat' dir='ltr'><strong>Ronsch,</strong></span> <span class='ocrx_word' id='word_1_440' title='bbox 2846 3831 3005 3889; x_wconf 81' lang='lat' dir='ltr'><strong>Itala,</strong></span> 
     </span>
     <span class='ocr_line' id='line_1_65' title="bbox 1849 3909 3005 3978; baseline 0.004 -20"><span class='ocrx_word' id='word_1_441' title='bbox 1849 3926 1901 3975; x_wconf 88' lang='lat' dir='ltr'><strong>p.</strong></span> <span class='ocrx_word' id='word_1_442' title='bbox 1930 3926 2052 3973; x_wconf 78' lang='lat'>3443</span> <span class='ocrx_word' id='word_1_443' title='bbox 2088 3911 2206 3959; x_wconf 88' lang='lat' dir='ltr'><strong>here</strong></span> <span class='ocrx_word' id='word_1_444' title='bbox 2228 3909 2535 3973; x_wconf 83' lang='lat' dir='ltr'><strong>simply=ut</strong></span> <span class='ocrx_word' id='word_1_445' title='bbox 2555 3918 2668 3974; x_wconf 78' lang='lat' dir='ltr'><strong>pote</strong></span> <span class='ocrx_word' id='word_1_446' title='bbox 2706 3910 2783 3974; x_wconf 81' lang='grc' dir='ltr'><strong>(ὠς</strong></span> <span class='ocrx_word' id='word_1_447' title='bbox 2805 3929 2861 3962; x_wconf 83' lang='grc' dir='ltr'><strong>οι·</strong></span> <span class='ocrx_word' id='word_1_448' title='bbox 2881 3912 3005 3978; x_wconf 78' lang='grc' dir='ltr'><strong>ἅτε).</strong></span> 
     </span>
     <span class='ocr_line' id='line_1_66' title="bbox 1851 3986 3008 4054; baseline 0.004 -13"><span class='ocrx_word' id='word_1_449' title='bbox 1851 3994 1920 4041; x_wconf 87' lang='lat' dir='ltr'><strong>In</strong></span> <span class='ocrx_word' id='word_1_450' title='bbox 1971 3986 2230 4042; x_wconf 65' lang='lat' dir='ltr'><strong>c&#39;um=els·</strong></span> <span class='ocrx_word' id='word_1_451' title='bbox 2277 3989 2420 4040; x_wconf 76' lang='grc' dir='ltr'>αὐτόν</span> <span class='ocrx_word' id='word_1_452' title='bbox 2468 3990 2537 4053; x_wconf 89' lang='lat' dir='ltr'><strong>(v.</strong></span> <span class='ocrx_word' id='word_1_453' title='bbox 2580 3994 2698 4054; x_wconf 79' lang='lat' dir='ltr'><strong>2o);</strong></span> <span class='ocrx_word' id='word_1_454' title='bbox 2756 4010 2838 4044; x_wconf 88' lang='lat' dir='ltr'><strong>see</strong></span> <span class='ocrx_word' id='word_1_455' title='bbox 2887 4005 3008 4046; x_wconf 88' lang='lat' dir='ltr'><strong>note</strong></span> 
     </span>
     <span class='ocr_line' id='line_1_67' title="bbox 1853 4071 3008 4133; baseline 0.006 -13"><span class='ocrx_word' id='word_1_456' title='bbox 1853 4087 1920 4121; x_wconf 91' lang='lat' dir='ltr'><strong>on</strong></span> <span class='ocrx_word' id='word_1_457' title='bbox 1972 4073 2006 4120; x_wconf 89' lang='lat'><strong>1.</strong></span> <span class='ocrx_word' id='word_1_458' title='bbox 2047 4084 2092 4133; x_wconf 82' lang='lat'><strong>5,</strong></span> <span class='ocrx_word' id='word_1_459' title='bbox 2138 4072 2313 4121; x_wconf 82' lang='lat' dir='ltr'><strong>above.</strong></span> <span class='ocrx_word' id='word_1_460' title='bbox 2397 4071 2444 4119; x_wconf 88' lang='lat' dir='ltr'><strong>It</strong></span> <span class='ocrx_word' id='word_1_461' title='bbox 2491 4072 2593 4120; x_wconf 87' lang='lat' dir='ltr'><strong>will</strong></span> <span class='ocrx_word' id='word_1_462' title='bbox 2632 4073 2695 4122; x_wconf 92' lang='lat' dir='ltr'><strong>be</strong></span> <span class='ocrx_word' id='word_1_463' title='bbox 2738 4089 2854 4123; x_wconf 89' lang='lat' dir='ltr'><strong>seen</strong></span> <span class='ocrx_word' id='word_1_464' title='bbox 2898 4076 3008 4128; x_wconf 88' lang='lat' dir='ltr'><strong>that</strong></span> 
     </span>
     <span class='ocr_line' id='line_1_68' title="bbox 1854 4151 3012 4221; baseline 0.003 -19"><span class='ocrx_word' id='word_1_465' title='bbox 1854 4154 1951 4203; x_wconf 91' lang='lat' dir='ltr'><strong>Th.</strong></span> <span class='ocrx_word' id='word_1_466' title='bbox 1998 4154 2197 4216; x_wconf 82' lang='lat' dir='ltr'><strong>regards</strong></span> <span class='ocrx_word' id='word_1_467' title='bbox 2250 4154 2314 4201; x_wconf 74' lang='grc' dir='ltr'><strong>εἰς</strong></span> <span class='ocrx_word' id='word_1_468' title='bbox 2362 4151 2503 4201; x_wconf 73' lang='grc' dir='ltr'>αὑτὸν</span> <span class='ocrx_word' id='word_1_469' title='bbox 2555 4169 2610 4202; x_wconf 85' lang='lat' dir='ltr'><strong>as</strong></span> <span class='ocrx_word' id='word_1_470' title='bbox 2668 4155 2904 4221; x_wconf 86' lang='lat' dir='ltr'><strong>referring</strong></span> <span class='ocrx_word' id='word_1_471' title='bbox 2955 4166 3012 4208; x_wconf 91' lang='lat' dir='ltr'><strong>to</strong></span> 
     </span>
     <span class='ocr_line' id='line_1_69' title="bbox 1855 4234 3012 4300; baseline 0.002 -16"><span class='ocrx_word' id='word_1_472' title='bbox 1855 4235 1963 4284; x_wconf 90' lang='lat' dir='ltr'><strong>Our</strong></span> <span class='ocrx_word' id='word_1_473' title='bbox 2002 4236 2156 4284; x_wconf 84' lang='lat' dir='ltr'><strong>Lord.</strong></span> <span class='ocrx_word' id='word_1_474' title='bbox 2225 4235 2294 4285; x_wconf 91' lang='lat' dir='ltr'><strong>So</strong></span> <span class='ocrx_word' id='word_1_475' title='bbox 2331 4234 2537 4296; x_wconf 85' lang='lat' dir='ltr'><strong>Chrys.:</strong></span> <span class='ocrx_word' id='word_1_476' title='bbox 2589 4235 2667 4285; x_wconf 78' lang='grc' dir='ltr'><strong>ἵνα</strong></span> <span class='ocrx_word' id='word_1_477' title='bbox 2708 4234 2777 4295; x_wconf 81' lang='grc' dir='ltr'><strong>μή</strong></span> <span class='ocrx_word' id='word_1_478' title='bbox 2812 4239 3012 4300; x_wconf 77' lang='grc' dir='ltr'>νομίσῃς</span> 
     </span>
     <span class='ocr_line' id='line_1_70' title="bbox 1851 4311 3013 4377; baseline 0.004 -13"><span class='ocrx_word' id='word_1_479' title='bbox 1851 4316 1930 4364; x_wconf 81' lang='grc' dir='ltr'><strong>ὅτι</strong></span> <span class='ocrx_word' id='word_1_480' title='bbox 1968 4314 2202 4377; x_wconf 78' lang='grc' dir='ltr'>ὑπηρέτου</span> <span class='ocrx_word' id='word_1_481' title='bbox 2231 4314 2362 4374; x_wconf 73' lang='grc' dir='ltr'>τάξιν</span> <span class='ocrx_word' id='word_1_482' title='bbox 2396 4311 2632 4377; x_wconf 77' lang='grc' dir='ltr'>ἀνέλαβεν</span> <span class='ocrx_word' id='word_1_483' title='bbox 2672 4318 2782 4367; x_wconf 69' lang='grc' dir='ltr'><strong>ἐἰς</strong></span> <span class='ocrx_word' id='word_1_484' title='bbox 2815 4318 3013 4369; x_wconf 78' lang='grc' dir='ltr'>ἑαυτὸν’</span> 
     </span>
    </p>
   </div>
   <div class='ocr_carea' id='block_1_19' title="bbox 1855 4395 3014 4526">
    <p class='ocr_par' dir='ltr' id='par_1_23' title="bbox 1855 4395 3014 4526">
     <span class='ocr_line' id='line_1_71' title="bbox 1855 4395 3014 4461; baseline 0.008 -19"><span class='ocrx_word' id='word_1_485' title='bbox 1855 4397 2097 4455; x_wconf 71' lang='grc' dir='ltr'><strong>φησίν-ει</strong></span> <span class='ocrx_word' id='word_1_486' title='bbox 2119 4395 2312 4445; x_wconf 86' lang='lat' dir='ltr'><strong>remark</strong></span> <span class='ocrx_word' id='word_1_487' title='bbox 2342 4395 2574 4457; x_wconf 85' lang='lat' dir='ltr'><strong>repeated</strong></span> <span class='ocrx_word' id='word_1_488' title='bbox 2605 4396 2671 4458; x_wconf 90' lang='lat' dir='ltr'><strong>by</strong></span> <span class='ocrx_word' id='word_1_489' title='bbox 2695 4397 2887 4461; x_wconf 87' lang='lat' dir='ltr'><strong>Thpht.</strong></span> <span class='ocrx_word' id='word_1_490' title='bbox 2911 4404 3014 4451; x_wconf 84' lang='lat' dir='ltr'><strong>and</strong></span> 
     </span>
     <span class='ocr_line' id='line_1_72' title="bbox 1857 4477 1979 4526; baseline -0.016 0"><span class='ocrx_word' id='word_1_491' title='bbox 1857 4477 1979 4526; x_wconf 91' lang='lat' dir='ltr'><strong>Oec.</strong></span> 
     </span>
    </p>
   </div>
  </div>
 </body>
</html>
