<?xml version="1.0" encoding="UTF-8"?>
<!DOCTYPE html PUBLIC "-//W3C//DTD XHTML 1.0 Transitional//EN"
    "http://www.w3.org/TR/xhtml1/DTD/xhtml1-transitional.dtd">
<html xmlns="http://www.w3.org/1999/xhtml" xml:lang="en" lang="en">
 <head>
  <title>
</title>
<meta http-equiv="Content-Type" content="text/html;charset=utf-8" />
  <meta name='ocr-system' content='tesseract 3.04.00' />
  <meta name='ocr-capabilities' content='ocr_page ocr_carea ocr_par ocr_line ocrx_word'/>
</head>
<body>
  <div class='ocr_page' id='page_1' title='image "./theodoriepiscop00mopsgoog_0383.png"; bbox 0 0 3293 5233; ppageno 0'>
   <div class='ocr_carea' id='block_1_1' title="bbox 32 1795 41 2323">
    <p class='ocr_par' dir='ltr' id='par_1_1' title="bbox 32 1795 41 2323">
     <span class='ocr_line' id='line_1_1' title="bbox 32 1795 41 2323; baseline 0 0"><span class='ocrx_word' id='word_1_1' title='bbox 32 1795 41 2323; x_wconf 95' lang='lat' dir='ltr'> </span> 
     </span>
    </p>
   </div>
   <div class='ocr_carea' id='block_1_2' title="bbox 272 383 2687 480">
    <p class='ocr_par' dir='ltr' id='par_1_2' title="bbox 272 383 2687 480">
     <span class='ocr_line' id='line_1_2' title="bbox 272 383 2687 480; baseline 0.003 -20"><span class='ocrx_word' id='word_1_2' title='bbox 272 395 476 480; x_wconf 87' lang='lat'>11.·8.]</span> <span class='ocrx_word' id='word_1_3' title='bbox 682 383 691 388; x_wconf 75' lang='grc'><em>’</em></span> <span class='ocrx_word' id='word_1_4' title='bbox 997 407 1079 461; x_wconf 76' lang='lat' dir='ltr'>m</span> <span class='ocrx_word' id='word_1_5' title='bbox 1129 410 1234 462; x_wconf 76' lang='grc' dir='ltr'>ΕΡ.</span> <span class='ocrx_word' id='word_1_6' title='bbox 1278 410 1381 463; x_wconf 75' lang='lat' dir='ltr'>An</span> <span class='ocrx_word' id='word_1_7' title='bbox 1426 408 1945 462; x_wconf 76' lang='lat' dir='ltr'>coLossENsEs.</span> <span class='ocrx_word' id='word_1_8' title='bbox 2568 389 2687 468; x_wconf 82' lang='lat'>285</span> 
     </span>
    </p>
   </div>
   <div class='ocr_carea' id='block_1_3' title="bbox 271 577 2701 1174">
    <p class='ocr_par' dir='ltr' id='par_1_3' title="bbox 271 577 2701 1174">
     <span class='ocr_line' id='line_1_3' title="bbox 401 577 2696 660; baseline -0.001 -20"><span class='ocrx_word' id='word_1_9' title='bbox 401 596 520 660; x_wconf 90' lang='lat' dir='ltr'>per</span> <span class='ocrx_word' id='word_1_10' title='bbox 576 578 803 642; x_wconf 89' lang='lat' dir='ltr'>omnia</span> <span class='ocrx_word' id='word_1_11' title='bbox 861 578 1026 642; x_wconf 88' lang='lat' dir='ltr'>haec</span> <span class='ocrx_word' id='word_1_12' title='bbox 1087 578 1200 643; x_wconf 90' lang='lat' dir='ltr'>illa</span> <span class='ocrx_word' id='word_1_13' title='bbox 1259 580 1478 645; x_wconf 88' lang='lat' dir='ltr'>dicere</span> <span class='ocrx_word' id='word_1_14' title='bbox 1537 578 1792 644; x_wconf 88' lang='lat' dir='ltr'>uoluit:</span> <span class='ocrx_word' id='word_1_15' title='bbox 1862 578 1966 641; x_wconf 87' lang='lat' dir='ltr'>‘in</span> <span class='ocrx_word' id='word_1_16' title='bbox 2020 577 2150 642; x_wconf 91' lang='lat' dir='ltr'>illis</span> <span class='ocrx_word' id='word_1_17' title='bbox 2201 585 2470 640; x_wconf 88' lang='lat' dir='ltr'>manete</span> <span class='ocrx_word' id='word_1_18' title='bbox 2522 594 2696 657; x_wconf 89' lang='lat' dir='ltr'>quae</span> 
     </span>
     <span class='ocr_line' id='line_1_4' title="bbox 271 675 2694 760; baseline -0.001 -19"><span class='ocrx_word' id='word_1_19' title='bbox 271 678 637 760; x_wconf 69' lang='lat' dir='ltr'>accepistis»,</span> <span class='ocrx_word' id='word_1_20' title='bbox 680 681 1044 744; x_wconf 88' lang='lat' dir='ltr'>secundum</span> <span class='ocrx_word' id='word_1_21' title='bbox 1094 680 1209 745; x_wconf 91' lang='lat' dir='ltr'>illa</span> <span class='ocrx_word' id='word_1_22' title='bbox 1261 680 1768 746; x_wconf 86' lang='lat' dir='ltr'>conuersantes’</span> <span class='ocrx_word' id='word_1_23' title='bbox 1792 700 1810 759; x_wconf 80' lang='lat'>3</span> <span class='ocrx_word' id='word_1_24' title='bbox 1856 681 1951 744; x_wconf 89' lang='lat' dir='ltr'>ita</span> <span class='ocrx_word' id='word_1_25' title='bbox 1994 690 2071 744; x_wconf 89' lang='lat' dir='ltr'>ut</span> <span class='ocrx_word' id='word_1_26' title='bbox 2114 678 2541 743; x_wconf 87' lang='lat' dir='ltr'>manifestum</span> <span class='ocrx_word' id='word_1_27' title='bbox 2591 675 2694 752; x_wconf 84' lang='lat' dir='ltr'>sit,</span> 
     </span>
     <span class='ocr_line' id='line_1_5' title="bbox 272 781 2699 868; baseline -0 -24"><span class='ocrx_word' id='word_1_28' title='bbox 272 781 588 864; x_wconf 89' lang='lat' dir='ltr'>quoniam</span> <span class='ocrx_word' id='word_1_29' title='bbox 631 792 826 846; x_wconf 87' lang='lat' dir='ltr'>extra</span> <span class='ocrx_word' id='word_1_30' title='bbox 860 782 1352 848; x_wconf 88' lang='lat' dir='ltr'>obseruantiam</span> <span class='ocrx_word' id='word_1_31' title='bbox 1398 783 1848 868; x_wconf 86' lang='lat' dir='ltr'>legitimorum</span> <span class='ocrx_word' id='word_1_32' title='bbox 1896 783 2009 847; x_wconf 90' lang='lat' dir='ltr'>illa</span> <span class='ocrx_word' id='word_1_33' title='bbox 2052 782 2141 847; x_wconf 90' lang='lat' dir='ltr'>ab</span> <span class='ocrx_word' id='word_1_34' title='bbox 2190 781 2510 865; x_wconf 87' lang='lat' dir='ltr'>Epaphra</span> <span class='ocrx_word' id='word_1_35' title='bbox 2556 801 2699 844; x_wconf 88' lang='lat' dir='ltr'>sus-</span> 
     </span>
     <span class='ocr_line' id='line_1_6' title="bbox 273 884 2696 968; baseline 0.001 -22"><span class='ocrx_word' id='word_1_36' title='bbox 273 893 606 966; x_wconf 87' lang='lat' dir='ltr'>ceperunt.</span> <span class='ocrx_word' id='word_1_37' title='bbox 696 895 1047 968; x_wconf 89' lang='lat' dir='ltr'>propterea</span> <span class='ocrx_word' id='word_1_38' title='bbox 1098 895 1167 952; x_wconf 88' lang='lat' dir='ltr'>et</span> <span class='ocrx_word' id='word_1_39' title='bbox 1213 885 1517 952; x_wconf 87' lang='lat' dir='ltr'>laudauit</span> <span class='ocrx_word' id='word_1_40' title='bbox 1569 888 1994 953; x_wconf 83' lang='lat' dir='ltr'>traditionem</span> <span class='ocrx_word' id='word_1_41' title='bbox 2049 886 2191 951; x_wconf 89' lang='lat' dir='ltr'>eius</span> <span class='ocrx_word' id='word_1_42' title='bbox 2240 887 2306 949; x_wconf 91' lang='lat' dir='ltr'>in</span> <span class='ocrx_word' id='word_1_43' title='bbox 2355 884 2696 968; x_wconf 79' lang='lat' dir='ltr'>principio,</span> 
     </span>
     <span class='ocr_line' id='line_1_7' title="bbox 275 989 2697 1073; baseline -0 -21"><span class='ocrx_word' id='word_1_44' title='bbox 275 989 446 1052; x_wconf 92' lang='lat' dir='ltr'>bene</span> <span class='ocrx_word' id='word_1_45' title='bbox 498 998 723 1054; x_wconf 87' lang='lat' dir='ltr'>autem</span> <span class='ocrx_word' id='word_1_46' title='bbox 777 991 935 1071; x_wconf 90' lang='lat' dir='ltr'>quia</span> <span class='ocrx_word' id='word_1_47' title='bbox 979 1000 1047 1054; x_wconf 94' lang='lat' dir='ltr'>et</span> <span class='ocrx_word' id='word_1_48' title='bbox 1107 991 1177 1055; x_wconf 90' lang='lat' dir='ltr'>in</span> <span class='ocrx_word' id='word_1_49' title='bbox 1228 992 1616 1073; x_wconf 82' lang='lat' dir='ltr'>gratiarum</span> <span class='ocrx_word' id='word_1_50' title='bbox 1660 991 1969 1054; x_wconf 84' lang='lat' dir='ltr'>actionem</span> <span class='ocrx_word' id='word_1_51' title='bbox 2022 990 2284 1068; x_wconf 90' lang='lat' dir='ltr'>adiecit,</span> <span class='ocrx_word' id='word_1_52' title='bbox 2338 989 2697 1052; x_wconf 89' lang='lat' dir='ltr'>ostendens</span> 
     </span>
     <span class='ocr_line' id='line_1_8' title="bbox 277 1090 2701 1174; baseline -0.001 -20"><span class='ocrx_word' id='word_1_53' title='bbox 277 1093 594 1174; x_wconf 88' lang='lat' dir='ltr'>quoniam</span> <span class='ocrx_word' id='word_1_54' title='bbox 644 1092 740 1155; x_wconf 89' lang='lat' dir='ltr'>sic</span> <span class='ocrx_word' id='word_1_55' title='bbox 797 1091 978 1156; x_wconf 89' lang='lat' dir='ltr'>bona</span> <span class='ocrx_word' id='word_1_56' title='bbox 1029 1104 1131 1157; x_wconf 87' lang='lat' dir='ltr'>est</span> <span class='ocrx_word' id='word_1_57' title='bbox 1183 1094 1489 1158; x_wconf 89' lang='lat' dir='ltr'>doctrina</span> <span class='ocrx_word' id='word_1_58' title='bbox 1542 1096 1637 1157; x_wconf 89' lang='lat' dir='ltr'>ita</span> <span class='ocrx_word' id='word_1_59' title='bbox 1686 1103 1762 1157; x_wconf 89' lang='lat' dir='ltr'>ut</span> <span class='ocrx_word' id='word_1_60' title='bbox 1809 1092 2058 1174; x_wconf 86' lang='lat' dir='ltr'>gratias</span> <span class='ocrx_word' id='word_1_61' title='bbox 2109 1111 2306 1173; x_wconf 88' lang='lat' dir='ltr'>agere</span> <span class='ocrx_word' id='word_1_62' title='bbox 2346 1090 2701 1153; x_wconf 87' lang='lat' dir='ltr'>conueniat</span> 
     </span>
    </p>
   </div>
   <div class='ocr_carea' id='block_1_4' title="bbox 279 1193 2701 1378">
    <p class='ocr_par' dir='ltr' id='par_1_4' title="bbox 279 1193 2701 1378">
     <span class='ocr_line' id='line_1_9' title="bbox 279 1193 2701 1279; baseline -0.001 -20"><span class='ocrx_word' id='word_1_63' title='bbox 279 1216 410 1273; x_wconf 76' lang='lat' dir='ltr'>eOS,</span> <span class='ocrx_word' id='word_1_64' title='bbox 463 1215 586 1277; x_wconf 91' lang='lat' dir='ltr'>pro</span> <span class='ocrx_word' id='word_1_65' title='bbox 633 1195 874 1276; x_wconf 88' lang='lat' dir='ltr'>quibus</span> <span class='ocrx_word' id='word_1_66' title='bbox 927 1215 1076 1259; x_wconf 89' lang='lat' dir='ltr'>eam</span> <span class='ocrx_word' id='word_1_67' title='bbox 1126 1207 1608 1279; x_wconf 87' lang='lat' dir='ltr'>cognouerunt.</span> <span class='ocrx_word' id='word_1_68' title='bbox 1702 1196 1946 1259; x_wconf 87' lang='lat' dir='ltr'>deinde</span> <span class='ocrx_word' id='word_1_69' title='bbox 1993 1205 2062 1259; x_wconf 88' lang='lat' dir='ltr'>et</span> <span class='ocrx_word' id='word_1_70' title='bbox 2113 1194 2527 1259; x_wconf 88' lang='lat' dir='ltr'>aduersarios</span> <span class='ocrx_word' id='word_1_71' title='bbox 2580 1193 2701 1257; x_wconf 92' lang='lat' dir='ltr'>im-</span> 
     </span>
     <span class='ocr_line' id='line_1_10' title="bbox 280 1295 800 1378; baseline 0.004 -21"><span class='ocrx_word' id='word_1_72' title='bbox 280 1295 568 1378; x_wconf 88' lang='lat' dir='ltr'>probans</span> <span class='ocrx_word' id='word_1_73' title='bbox 599 1297 760 1359; x_wconf 86' lang='lat' dir='ltr'>dicit</span> <span class='ocrx_word' id='word_1_74' title='bbox 787 1319 800 1359; x_wconf 90' lang='lat'><strong>:</strong></span> 
     </span>
    </p>
   </div>
   <div class='ocr_carea' id='block_1_5' title="bbox 280 1425 2703 1598">
    <p class='ocr_par' dir='ltr' id='par_1_5' title="bbox 280 1425 2703 1598">
     <span class='ocr_line' id='line_1_11' title="bbox 410 1425 2703 1514; baseline 0 -25"><span class='ocrx_word' id='word_1_75' title='bbox 410 1425 616 1491; x_wconf 85' lang='lat' dir='ltr'>uidete</span> <span class='ocrx_word' id='word_1_76' title='bbox 644 1447 724 1491; x_wconf 85' lang='lat' dir='ltr'>ne</span> <span class='ocrx_word' id='word_1_77' title='bbox 748 1427 896 1510; x_wconf 85' lang='lat' dir='ltr'><em>quis</em></span> <span class='ocrx_word' id='word_1_78' title='bbox 923 1449 1036 1493; x_wconf 83' lang='lat' dir='ltr'>uos</span> <span class='ocrx_word' id='word_1_79' title='bbox 1063 1428 1484 1512; x_wconf 81' lang='lat' dir='ltr'>depraedetur</span> <span class='ocrx_word' id='word_1_80' title='bbox 1494 1441 1620 1514; x_wconf 92' lang='lat' dir='ltr'>per</span> <span class='ocrx_word' id='word_1_81' title='bbox 1630 1428 2102 1513; x_wconf 72' lang='lat' dir='ltr'>philosophiam</span> <span class='ocrx_word' id='word_1_82' title='bbox 2123 1439 2187 1492; x_wconf 89' lang='lat' dir='ltr'>et</span> <span class='ocrx_word' id='word_1_83' title='bbox 2214 1428 2470 1493; x_wconf 87' lang='lat' dir='ltr'>inanem</span> <span class='ocrx_word' id='word_1_84' title='bbox 2491 1426 2703 1490; x_wconf 86' lang='lat' dir='ltr'>seduc-</span> 
     </span>
     <span class='ocr_line' id='line_1_12' title="bbox 280 1532 1183 1598; baseline 0.002 -2"><span class='ocrx_word' id='word_1_85' title='bbox 280 1532 530 1598; x_wconf 83' lang='lat' dir='ltr'>tionem.</span> <span class='ocrx_word' id='word_1_86' title='bbox 1178 1541 1183 1546; x_wconf 79' lang='grc'><strong>’</strong></span> 
     </span>
    </p>
   </div>
   <div class='ocr_carea' id='block_1_6' title="bbox 285 1630 2707 1830">
    <p class='ocr_par' dir='ltr' id='par_1_6' title="bbox 285 1630 2707 1830">
     <span class='ocr_line' id='line_1_13' title="bbox 398 1630 2706 1727; baseline -0.002 -19"><span class='ocrx_word' id='word_1_87' title='bbox 398 1643 873 1727; x_wconf 75' lang='lat' dir='ltr'><em>philosophiam</em></span> <span class='ocrx_word' id='word_1_88' title='bbox 942 1644 1105 1708; x_wconf 89' lang='lat' dir='ltr'>dicit</span> <span class='ocrx_word' id='word_1_89' title='bbox 1169 1630 1549 1709; x_wconf 53' lang='lat' dir='ltr'>uerborum&#39;</span> <span class='ocrx_word' id='word_1_90' title='bbox 1602 1663 2002 1727; x_wconf 85' lang='lat' dir='ltr'>pomposam</span> <span class='ocrx_word' id='word_1_91' title='bbox 2079 1643 2473 1718; x_wconf 89' lang='lat' dir='ltr'>doctrinam,</span> <span class='ocrx_word' id='word_1_92' title='bbox 2534 1659 2706 1723; x_wconf 90' lang='lat' dir='ltr'>quae</span> 
     </span>
     <span class='ocr_line' id='line_1_14' title="bbox 285 1744 2707 1830; baseline -0.003 -17"><span class='ocrx_word' id='word_1_93' title='bbox 285 1750 372 1813; x_wconf 91' lang='lat' dir='ltr'>ab</span> <span class='ocrx_word' id='word_1_94' title='bbox 420 1747 812 1813; x_wconf 88' lang='lat' dir='ltr'>aduersariis</span> <span class='ocrx_word' id='word_1_95' title='bbox 852 1767 1003 1811; x_wconf 90' lang='lat' dir='ltr'>cum</span> <span class='ocrx_word' id='word_1_96' title='bbox 1045 1750 1337 1830; x_wconf 83' lang='lat' dir='ltr'>quadam</span> <span class='ocrx_word' id='word_1_97' title='bbox 1380 1747 1805 1811; x_wconf 77' lang='lat' dir='ltr'>simulatione</span> <span class='ocrx_word' id='word_1_98' title='bbox 1847 1745 1985 1809; x_wconf 90' lang='lat' dir='ltr'>fieri</span> <span class='ocrx_word' id='word_1_99' title='bbox 2039 1745 2298 1810; x_wconf 88' lang='lat' dir='ltr'>solebat</span> <span class='ocrx_word' id='word_1_100' title='bbox 2344 1745 2427 1808; x_wconf 91' lang='lat' dir='ltr'>ad</span> <span class='ocrx_word' id='word_1_101' title='bbox 2477 1744 2707 1807; x_wconf 90' lang='lat' dir='ltr'>seduc·</span> 
     </span>
    </p>
   </div>
   <div class='ocr_carea' id='block_1_7' title="bbox 286 1851 2707 1932">
    <p class='ocr_par' dir='ltr' id='par_1_7' title="bbox 286 1851 2707 1932">
     <span class='ocr_line' id='line_1_15' title="bbox 286 1851 2707 1932; baseline -0.003 -14"><span class='ocrx_word' id='word_1_102' title='bbox 286 1855 537 1920; x_wconf 90' lang='lat' dir='ltr'>tionem</span> <span class='ocrx_word' id='word_1_103' title='bbox 570 1851 999 1917; x_wconf 89' lang='lat' dir='ltr'>audientium.</span> <span class='ocrx_word' id='word_1_104' title='bbox 1082 1851 1237 1914; x_wconf 91' lang='lat' dir='ltr'>inde</span> <span class='ocrx_word' id='word_1_105' title='bbox 1289 1861 1358 1916; x_wconf 89' lang='lat' dir='ltr'>et</span> <span class='ocrx_word' id='word_1_106' title='bbox 1404 1852 1766 1915; x_wconf 90' lang='lat' dir='ltr'>ostendens</span> <span class='ocrx_word' id='word_1_107' title='bbox 1812 1851 2130 1932; x_wconf 88' lang='lat' dir='ltr'>quoniam</span> <span class='ocrx_word' id='word_1_108' title='bbox 2184 1869 2316 1912; x_wconf 89' lang='lat' dir='ltr'>non</span> <span class='ocrx_word' id='word_1_109' title='bbox 2363 1867 2521 1912; x_wconf 90' lang='lat' dir='ltr'>uera</span> <span class='ocrx_word' id='word_1_110' title='bbox 2566 1856 2707 1911; x_wconf 90' lang='lat' dir='ltr'>erat</span> 
     </span>
    </p>
   </div>
   <div class='ocr_carea' id='block_1_8' title="bbox 287 1951 2705 2141">
    <p class='ocr_par' dir='ltr' id='par_1_8' title="bbox 287 1951 2705 2141">
     <span class='ocr_line' id='line_1_16' title="bbox 289 1951 2705 2040; baseline -0.002 -22"><span class='ocrx_word' id='word_1_111' title='bbox 289 1953 723 2040; x_wconf 83' lang='lat' dir='ltr'>philosophia,</span> <span class='ocrx_word' id='word_1_112' title='bbox 776 1953 893 2016; x_wconf 90' lang='lat' dir='ltr'>sed</span> <span class='ocrx_word' id='word_1_113' title='bbox 941 1953 1344 2016; x_wconf 86' lang='lat' dir='ltr'>seductionis</span> <span class='ocrx_word' id='word_1_114' title='bbox 1399 1954 1606 2017; x_wconf 91' lang='lat' dir='ltr'>uerba</span> <span class='ocrx_word' id='word_1_115' title='bbox 1658 1954 1743 2017; x_wconf 92' lang='lat' dir='ltr'>ad</span> <span class='ocrx_word' id='word_1_116' title='bbox 1805 1954 2267 2034; x_wconf 90' lang='lat' dir='ltr'>deceptionem</span> <span class='ocrx_word' id='word_1_117' title='bbox 2328 1951 2705 2015; x_wconf 90' lang='lat' dir='ltr'>auditorum</span> 
     </span>
     <span class='ocr_line' id='line_1_17' title="bbox 287 2057 1519 2141; baseline -0.002 -17"><span class='ocrx_word' id='word_1_118' title='bbox 287 2069 359 2124; x_wconf 89' lang='lat' dir='ltr'>et</span> <span class='ocrx_word' id='word_1_119' title='bbox 386 2058 770 2141; x_wconf 85' lang='lat' dir='ltr'>excogitata</span> <span class='ocrx_word' id='word_1_120' title='bbox 800 2065 986 2120; x_wconf 88' lang='lat' dir='ltr'>erant</span> <span class='ocrx_word' id='word_1_121' title='bbox 1018 2065 1085 2119; x_wconf 92' lang='lat' dir='ltr'>et</span> <span class='ocrx_word' id='word_1_122' title='bbox 1115 2057 1519 2121; x_wconf 83' lang='lat' dir='ltr'>adinuenta:</span> 
     </span>
    </p>
   </div>
   <div class='ocr_carea' id='block_1_9' title="bbox 289 2189 2715 2358">
    <p class='ocr_par' dir='ltr' id='par_1_9' title="bbox 289 2189 2715 2358">
     <span class='ocr_line' id='line_1_18' title="bbox 418 2189 2715 2268; baseline -0.001 -12"><span class='ocrx_word' id='word_1_123' title='bbox 418 2191 761 2256; x_wconf 81' lang='lat' dir='ltr'>secundum</span> <span class='ocrx_word' id='word_1_124' title='bbox 820 2190 1234 2255; x_wconf 85' lang='lat' dir='ltr'>traditionem</span> <span class='ocrx_word' id='word_1_125' title='bbox 1293 2190 1643 2268; x_wconf 87' lang='lat' dir='ltr'>hominum,</span> <span class='ocrx_word' id='word_1_126' title='bbox 1704 2192 2047 2255; x_wconf 83' lang='lat' dir='ltr'>secundum</span> <span class='ocrx_word' id='word_1_127' title='bbox 2105 2192 2408 2255; x_wconf 84' lang='lat' dir='ltr'>elementa</span> <span class='ocrx_word' id='word_1_128' title='bbox 2480 2189 2715 2255; x_wconf 87' lang='lat' dir='ltr'>mundi</span> 
     </span>
     <span class='ocr_line' id='line_1_19' title="bbox 289 2292 1254 2358; baseline 0 -2"><span class='ocrx_word' id='word_1_129' title='bbox 289 2304 351 2358; x_wconf 90' lang='lat' dir='ltr'>et</span> <span class='ocrx_word' id='word_1_130' title='bbox 377 2314 501 2356; x_wconf 88' lang='lat' dir='ltr'>non</span> <span class='ocrx_word' id='word_1_131' title='bbox 529 2292 871 2357; x_wconf 87' lang='lat' dir='ltr'>secundum</span> <span class='ocrx_word' id='word_1_132' title='bbox 909 2293 1254 2358; x_wconf 82' lang='lat' dir='ltr'>Christum.</span> 
     </span>
    </p>
   </div>
   <div class='ocr_carea' id='block_1_10' title="bbox 296 2402 2709 2590">
    <p class='ocr_par' dir='ltr' id='par_1_10' title="bbox 296 2402 2709 2590">
     <span class='ocr_line' id='line_1_20' title="bbox 417 2402 2709 2486; baseline 0.001 -20"><span class='ocrx_word' id='word_1_133' title='bbox 417 2404 759 2467; x_wconf 85' lang='lat' dir='ltr'>secundum</span> <span class='ocrx_word' id='word_1_134' title='bbox 809 2404 1112 2467; x_wconf 88' lang='lat' dir='ltr'>elementa</span> <span class='ocrx_word' id='word_1_135' title='bbox 1163 2402 1397 2467; x_wconf 85' lang='lat' dir='ltr'>mnndi</span> <span class='ocrx_word' id='word_1_136' title='bbox 1443 2403 1605 2467; x_wconf 92' lang='lat' dir='ltr'>dicit</span> <span class='ocrx_word' id='word_1_137' title='bbox 1639 2403 1895 2467; x_wconf 92' lang='lat' dir='ltr'>dierum</span> <span class='ocrx_word' id='word_1_138' title='bbox 1939 2411 2007 2466; x_wconf 93' lang='lat' dir='ltr'>et</span> <span class='ocrx_word' id='word_1_139' title='bbox 2059 2412 2435 2486; x_wconf 88' lang='lat' dir='ltr'>temporum</span> <span class='ocrx_word' id='word_1_140' title='bbox 2488 2405 2709 2468; x_wconf 88' lang='lat' dir='ltr'>obser-</span> 
     </span>
     <span class='ocr_line' id='line_1_21' title="bbox 296 2506 2709 2590; baseline 0.001 -18"><span class='ocrx_word' id='word_1_141' title='bbox 296 2508 609 2582; x_wconf 87' lang='lat' dir='ltr'>uantiam‚</span> <span class='ocrx_word' id='word_1_142' title='bbox 641 2527 722 2569; x_wconf 90' lang='lat' dir='ltr'>eo</span> <span class='ocrx_word' id='word_1_143' title='bbox 752 2508 931 2589; x_wconf 91' lang='lat' dir='ltr'>quod</span> <span class='ocrx_word' id='word_1_144' title='bbox 964 2506 1052 2571; x_wconf 95' lang='lat' dir='ltr'>ab</span> <span class='ocrx_word' id='word_1_145' title='bbox 1083 2507 1429 2570; x_wconf 89' lang='lat' dir='ltr'>elementis</span> <span class='ocrx_word' id='word_1_146' title='bbox 1460 2508 1691 2570; x_wconf 89' lang='lat' dir='ltr'>mundi</span> <span class='ocrx_word' id='word_1_147' title='bbox 1727 2506 2155 2590; x_wconf 88' lang='lat' dir='ltr'>perficiuntur</span> <span class='ocrx_word' id='word_1_148' title='bbox 2184 2511 2331 2574; x_wconf 87' lang='lat' dir='ltr'>ista.</span> <span class='ocrx_word' id='word_1_149' title='bbox 2388 2509 2709 2574; x_wconf 88' lang='lat' dir='ltr'>‘elemen-</span> 
     </span>
    </p>
   </div>
   <div class='ocr_carea' id='block_1_11' title="bbox 2741 1556 2819 1605">
    <p class='ocr_par' dir='ltr' id='par_1_11' title="bbox 2741 1556 2819 1605">
     <span class='ocr_line' id='line_1_22' title="bbox 2741 1556 2819 1605; baseline 0 0"><span class='ocrx_word' id='word_1_150' title='bbox 2741 1556 2819 1605; x_wconf 92' lang='lat'>10</span> 
     </span>
    </p>
   </div>
   <div class='ocr_carea' id='block_1_12' title="bbox 2744 2068 2813 2134">
    <p class='ocr_par' dir='ltr' id='par_1_12' title="bbox 2744 2068 2813 2134">
     <span class='ocr_line' id='line_1_23' title="bbox 2744 2068 2813 2134; baseline 0 0"><span class='ocrx_word' id='word_1_151' title='bbox 2744 2068 2813 2134; x_wconf 81' lang='lat'>15</span> 
     </span>
    </p>
   </div>
   <div class='ocr_carea' id='block_1_13' title="bbox 297 2608 2823 2695">
    <p class='ocr_par' dir='ltr' id='par_1_13' title="bbox 297 2608 2823 2695">
     <span class='ocr_line' id='line_1_24' title="bbox 297 2608 2823 2695; baseline 0 -19"><span class='ocrx_word' id='word_1_152' title='bbox 297 2625 440 2676; x_wconf 89' lang='lat' dir='ltr'>tum</span> <span class='ocrx_word' id='word_1_153' title='bbox 462 2611 475 2638; x_wconf 92' lang='lat'><strong>’</strong></span> <span class='ocrx_word' id='word_1_154' title='bbox 507 2610 684 2675; x_wconf 90' lang='lat' dir='ltr'>enim</span> <span class='ocrx_word' id='word_1_155' title='bbox 719 2610 987 2673; x_wconf 89' lang='lat' dir='ltr'>‘mundi</span> <span class='ocrx_word' id='word_1_156' title='bbox 1007 2610 1021 2635; x_wconf 91' lang='lat'>’</span> <span class='ocrx_word' id='word_1_157' title='bbox 1053 2608 1262 2673; x_wconf 89' lang='lat' dir='ltr'>solem</span> <span class='ocrx_word' id='word_1_158' title='bbox 1295 2609 1457 2674; x_wconf 89' lang='lat' dir='ltr'>dicit</span> <span class='ocrx_word' id='word_1_159' title='bbox 1487 2620 1554 2673; x_wconf 90' lang='lat' dir='ltr'>et</span> <span class='ocrx_word' id='word_1_160' title='bbox 1584 2608 1831 2683; x_wconf 91' lang='lat' dir='ltr'>lunam,</span> <span class='ocrx_word' id='word_1_161' title='bbox 1866 2631 1955 2673; x_wconf 86' lang='lat' dir='ltr'>ex</span> <span class='ocrx_word' id='word_1_162' title='bbox 1987 2610 2228 2693; x_wconf 89' lang='lat' dir='ltr'>quibus</span> <span class='ocrx_word' id='word_1_163' title='bbox 2258 2612 2513 2676; x_wconf 93' lang='lat' dir='ltr'>dierum</span> <span class='ocrx_word' id='word_1_164' title='bbox 2546 2634 2709 2695; x_wconf 88' lang='lat' dir='ltr'>quo·</span> <span class='ocrx_word' id='word_1_165' title='bbox 2738 2639 2823 2688; x_wconf 90' lang='lat'>20</span> 
     </span>
    </p>
   </div>
   <div class='ocr_carea' id='block_1_14' title="bbox 295 2712 2713 3100">
    <p class='ocr_par' dir='ltr' id='par_1_14' title="bbox 295 2712 2713 3100">
     <span class='ocr_line' id='line_1_25' title="bbox 297 2712 2711 2798; baseline 0 -21"><span class='ocrx_word' id='word_1_166' title='bbox 297 2736 426 2798; x_wconf 87' lang='lat' dir='ltr'>que</span> <span class='ocrx_word' id='word_1_167' title='bbox 458 2723 526 2776; x_wconf 86' lang='lat' dir='ltr'>et</span> <span class='ocrx_word' id='word_1_168' title='bbox 556 2723 933 2795; x_wconf 90' lang='lat' dir='ltr'>temporum</span> <span class='ocrx_word' id='word_1_169' title='bbox 966 2733 1191 2775; x_wconf 88' lang='lat' dir='ltr'>cursus</span> <span class='ocrx_word' id='word_1_170' title='bbox 1223 2712 1391 2774; x_wconf 88' lang='lat' dir='ltr'>effici</span> <span class='ocrx_word' id='word_1_171' title='bbox 1426 2713 1773 2789; x_wconf 87' lang='lat' dir='ltr'>uidentur;</span> <span class='ocrx_word' id='word_1_172' title='bbox 1822 2712 1918 2775; x_wconf 90' lang='lat' dir='ltr'>sic</span> <span class='ocrx_word' id='word_1_173' title='bbox 1948 2714 2126 2776; x_wconf 91' lang='lat' dir='ltr'>enim</span> <span class='ocrx_word' id='word_1_174' title='bbox 2159 2713 2321 2777; x_wconf 91' lang='lat' dir='ltr'>illud</span> <span class='ocrx_word' id='word_1_175' title='bbox 2354 2722 2422 2778; x_wconf 90' lang='lat' dir='ltr'>et</span> <span class='ocrx_word' id='word_1_176' title='bbox 2455 2713 2711 2780; x_wconf 89' lang='lat' dir='ltr'>Galatis</span> 
     </span>
     <span class='ocr_line' id='line_1_26' title="bbox 298 2813 2711 2899; baseline -0 -19"><span class='ocrx_word' id='word_1_177' title='bbox 298 2815 594 2881; x_wconf 86' lang='lat' dir='ltr'>scribens</span> <span class='ocrx_word' id='word_1_178' title='bbox 652 2814 846 2877; x_wconf 85' lang='lat' dir='ltr'>dixit.</span> <span class='ocrx_word' id='word_1_179' title='bbox 937 2813 1354 2877; x_wconf 88' lang='lat' dir='ltr'>traditionem</span> <span class='ocrx_word' id='word_1_180' title='bbox 1405 2824 1630 2877; x_wconf 90' lang='lat' dir='ltr'>autem</span> <span class='ocrx_word' id='word_1_181' title='bbox 1676 2814 2010 2877; x_wconf 84' lang='lat' dir='ltr'>hominnm</span> <span class='ocrx_word' id='word_1_182' title='bbox 2058 2835 2190 2877; x_wconf 91' lang='lat' dir='ltr'>non</span> <span class='ocrx_word' id='word_1_183' title='bbox 2236 2816 2446 2897; x_wconf 87' lang='lat' dir='ltr'>ipsam</span> <span class='ocrx_word' id='word_1_184' title='bbox 2494 2815 2711 2899; x_wconf 87' lang='lat' dir='ltr'>legem</span> 
     </span>
     <span class='ocr_line' id='line_1_27' title="bbox 299 2915 2710 3000; baseline 0 -19"><span class='ocrx_word' id='word_1_185' title='bbox 299 2917 582 2990; x_wconf 89' lang='lat' dir='ltr'>uocauit,</span> <span class='ocrx_word' id='word_1_186' title='bbox 614 2915 728 2977; x_wconf 88' lang='lat' dir='ltr'>sed</span> <span class='ocrx_word' id='word_1_187' title='bbox 777 2915 962 2978; x_wconf 90' lang='lat' dir='ltr'>illam</span> <span class='ocrx_word' id='word_1_188' title='bbox 1008 2916 1376 2979; x_wconf 87' lang='lat' dir='ltr'>doctrinam</span> <span class='ocrx_word' id='word_1_189' title='bbox 1410 2916 1671 2979; x_wconf 89' lang='lat' dir='ltr'>illorum</span> <span class='ocrx_word' id='word_1_190' title='bbox 1714 2916 1826 3000; x_wconf 88' lang='lat' dir='ltr'>qui</span> <span class='ocrx_word' id='word_1_191' title='bbox 1873 2923 2032 2979; x_wconf 91' lang='lat' dir='ltr'>tunc</span> <span class='ocrx_word' id='word_1_192' title='bbox 2077 2926 2299 2995; x_wconf 87' lang='lat' dir='ltr'>erant3</span> <span class='ocrx_word' id='word_1_193' title='bbox 2349 2915 2710 2981; x_wconf 89' lang='lat' dir='ltr'>humanam</span> 
     </span>
     <span class='ocr_line' id='line_1_28' title="bbox 295 3018 2713 3100; baseline 0 -15"><span class='ocrx_word' id='word_1_194' title='bbox 295 3023 523 3086; x_wconf 90' lang='lat' dir='ltr'>dicens</span> <span class='ocrx_word' id='word_1_195' title='bbox 555 3039 698 3083; x_wconf 91' lang='lat' dir='ltr'>esse</span> <span class='ocrx_word' id='word_1_196' title='bbox 729 3039 809 3082; x_wconf 90' lang='lat' dir='ltr'>eo</span> <span class='ocrx_word' id='word_1_197' title='bbox 839 3018 1019 3100; x_wconf 91' lang='lat' dir='ltr'>quod</span> <span class='ocrx_word' id='word_1_198' title='bbox 1055 3039 1175 3082; x_wconf 91' lang='lat' dir='ltr'>nec</span> <span class='ocrx_word' id='word_1_199' title='bbox 1205 3020 1566 3082; x_wconf 89' lang='lat' dir='ltr'>secundum</span> <span class='ocrx_word' id='word_1_200' title='bbox 1611 3020 1740 3083; x_wconf 88' lang='lat' dir='ltr'>Dei</span> <span class='ocrx_word' id='word_1_201' title='bbox 1783 3021 2182 3083; x_wconf 88' lang='lat' dir='ltr'>sententiam</span> <span class='ocrx_word' id='word_1_202' title='bbox 2226 3019 2445 3084; x_wconf 87' lang='lat' dir='ltr'>fiebat.</span> <span class='ocrx_word' id='word_1_203' title='bbox 2537 3024 2713 3086; x_wconf 90' lang='lat' dir='ltr'>unde</span> 
     </span>
    </p>
   </div>
   <div class='ocr_carea' id='block_1_15' title="bbox 298 3121 2817 3212">
    <p class='ocr_par' dir='ltr' id='par_1_15' title="bbox 298 3121 2817 3212">
     <span class='ocr_line' id='line_1_29' title="bbox 298 3121 2817 3212; baseline 0.002 -26"><span class='ocrx_word' id='word_1_204' title='bbox 298 3133 366 3187; x_wconf 90' lang='lat' dir='ltr'>et</span> <span class='ocrx_word' id='word_1_205' title='bbox 398 3122 756 3186; x_wconf 89' lang='lat' dir='ltr'>ostendens</span> <span class='ocrx_word' id='word_1_206' title='bbox 796 3121 1197 3203; x_wconf 87' lang='lat' dir='ltr'>prauitatem</span> <span class='ocrx_word' id='word_1_207' title='bbox 1240 3121 1379 3184; x_wconf 86' lang='lat' dir='ltr'>eius</span> <span class='ocrx_word' id='word_1_208' title='bbox 1412 3121 1693 3184; x_wconf 88' lang='lat' dir='ltr'>adiecit:</span> <span class='ocrx_word' id='word_1_209' title='bbox 1737 3131 1800 3184; x_wconf 88' lang='lat' dir='ltr'>et</span> <span class='ocrx_word' id='word_1_210' title='bbox 1827 3140 1951 3185; x_wconf 90' lang='lat' dir='ltr'>non</span> <span class='ocrx_word' id='word_1_211' title='bbox 1984 3122 2326 3185; x_wconf 78' lang='lat' dir='ltr'>secundum</span> <span class='ocrx_word' id='word_1_212' title='bbox 2364 3121 2710 3190; x_wconf 83' lang='lat' dir='ltr'>Christum.</span> <span class='ocrx_word' id='word_1_213' title='bbox 2739 3146 2817 3212; x_wconf 82' lang='lat'>25</span> 
     </span>
    </p>
   </div>
   <div class='ocr_carea' id='block_1_16' title="bbox 301 3208 2713 3496">
    <p class='ocr_par' dir='ltr' id='par_1_16' title="bbox 301 3208 2713 3496">
     <span class='ocr_line' id='line_1_30' title="bbox 303 3208 2713 3305; baseline 0 -17"><span class='ocrx_word' id='word_1_214' title='bbox 303 3224 546 3288; x_wconf 90' lang='lat' dir='ltr'>Christi</span> <span class='ocrx_word' id='word_1_215' title='bbox 589 3242 942 3305; x_wconf 88' lang='lat' dir='ltr'>personam</span> <span class='ocrx_word' id='word_1_216' title='bbox 989 3224 1393 3287; x_wconf 87' lang='lat' dir='ltr'>contrasistit</span> <span class='ocrx_word' id='word_1_217' title='bbox 1434 3233 1507 3287; x_wconf 91' lang='lat' dir='ltr'>ut</span> <span class='ocrx_word' id='word_1_218' title='bbox 1553 3208 1865 3286; x_wconf 81' lang='lat' dir='ltr'>ostendat</span> <span class='ocrx_word' id='word_1_219' title='bbox 1910 3224 2308 3305; x_wconf 89' lang='lat' dir='ltr'>prauitatem</span> <span class='ocrx_word' id='word_1_220' title='bbox 2354 3225 2713 3302; x_wconf 88' lang='lat' dir='ltr'>doctrinae,</span> 
     </span>
     <span class='ocr_line' id='line_1_31' title="bbox 301 3326 2712 3410; baseline 0 -18"><span class='ocrx_word' id='word_1_221' title='bbox 301 3330 354 3393; x_wconf 89' lang='lat' dir='ltr'>si</span> <span class='ocrx_word' id='word_1_222' title='bbox 403 3337 627 3391; x_wconf 89' lang='lat' dir='ltr'>tamen</span> <span class='ocrx_word' id='word_1_223' title='bbox 677 3335 744 3391; x_wconf 86' lang='lat' dir='ltr'>et</span> <span class='ocrx_word' id='word_1_224' title='bbox 796 3327 882 3390; x_wconf 91' lang='lat' dir='ltr'>ad</span> <span class='ocrx_word' id='word_1_225' title='bbox 931 3326 1063 3391; x_wconf 86' lang='lat' dir='ltr'>alia</span> <span class='ocrx_word' id='word_1_226' title='bbox 1116 3349 1230 3391; x_wconf 91' lang='lat' dir='ltr'>eos</span> <span class='ocrx_word' id='word_1_227' title='bbox 1289 3327 1564 3391; x_wconf 89' lang='lat' dir='ltr'>adducit</span> <span class='ocrx_word' id='word_1_228' title='bbox 1610 3327 1725 3409; x_wconf 91' lang='lat' dir='ltr'>qui</span> <span class='ocrx_word' id='word_1_229' title='bbox 1778 3328 2059 3402; x_wconf 87' lang='lat' dir='ltr'>discunt,</span> <span class='ocrx_word' id='word_1_230' title='bbox 2110 3339 2572 3410; x_wconf 89' lang='lat' dir='ltr'>praeterquam</span> <span class='ocrx_word' id='word_1_231' title='bbox 2626 3330 2712 3392; x_wconf 93' lang='lat' dir='ltr'>ad</span> 
     </span>
     <span class='ocr_line' id='line_1_32' title="bbox 306 3432 564 3496; baseline -0.004 0"><span class='ocrx_word' id='word_1_232' title='bbox 306 3432 564 3496; x_wconf 88' lang='lat' dir='ltr'>Filium.</span> 
     </span>
    </p>
   </div>
   <div class='ocr_carea' id='block_1_17' title="bbox 406 3562 2717 3630">
    <p class='ocr_par' dir='ltr' id='par_1_17' title="bbox 406 3562 2717 3630">
     <span class='ocr_line' id='line_1_33' title="bbox 406 3562 2717 3630; baseline 0.001 -16"><span class='ocrx_word' id='word_1_233' title='bbox 406 3580 426 3614; x_wconf 86' lang='lat'>1</span> <span class='ocrx_word' id='word_1_234' title='bbox 464 3566 701 3630; x_wconf 80' lang='lat' dir='ltr'>quoniam</span> <span class='ocrx_word' id='word_1_235' title='bbox 724 3564 823 3629; x_wconf 85' lang='lat' dir='ltr'>(ast</span> <span class='ocrx_word' id='word_1_236' title='bbox 844 3562 1020 3628; x_wconf 89' lang='lat' dir='ltr'>uoluit)</span> <span class='ocrx_word' id='word_1_237' title='bbox 1046 3565 1150 3613; x_wconf 86' lang='lat' dir='ltr'>add</span> <span class='ocrx_word' id='word_1_238' title='bbox 1166 3582 1198 3613; x_wconf 86' lang='lat' dir='ltr'>r</span> <span class='ocrx_word' id='word_1_239' title='bbox 1381 3581 1407 3614; x_wconf 89' lang='lat'>2</span> <span class='ocrx_word' id='word_1_240' title='bbox 1446 3564 1584 3613; x_wconf 86' lang='lat' dir='ltr'>illam</span> <span class='ocrx_word' id='word_1_241' title='bbox 1613 3564 1693 3613; x_wconf 78' lang='lat' dir='ltr'>C*</span> <span class='ocrx_word' id='word_1_242' title='bbox 1719 3581 1751 3613; x_wconf 89' lang='lat' dir='ltr'>r</span> <span class='ocrx_word' id='word_1_243' title='bbox 1933 3580 1962 3628; x_wconf 83' lang='lat'>3</span> <span class='ocrx_word' id='word_1_244' title='bbox 1995 3565 2092 3629; x_wconf 90' lang='lat' dir='ltr'>leg.</span> <span class='ocrx_word' id='word_1_245' title='bbox 2123 3567 2228 3616; x_wconf 78' lang='lat' dir='ltr'>obS.</span> <span class='ocrx_word' id='word_1_246' title='bbox 2259 3567 2326 3616; x_wconf 81' lang='lat' dir='ltr'><em>H</em></span> <span class='ocrx_word' id='word_1_247' title='bbox 2513 3585 2543 3629; x_wconf 84' lang='lat'>4</span> <span class='ocrx_word' id='word_1_248' title='bbox 2574 3567 2717 3616; x_wconf 85' lang='lat' dir='ltr'>laud·</span> 
     </span>
    </p>
   </div>
   <div class='ocr_carea' id='block_1_18' title="bbox 303 3645 2719 3788">
    <p class='ocr_par' dir='ltr' id='par_1_18' title="bbox 303 3645 2719 3788">
     <span class='ocr_line' id='line_1_34' title="bbox 303 3645 2719 3709; baseline 0.001 -13"><span class='ocrx_word' id='word_1_249' title='bbox 303 3647 408 3697; x_wconf 90' lang='lat' dir='ltr'>abit</span> <span class='ocrx_word' id='word_1_250' title='bbox 435 3648 477 3696; x_wconf 91' lang='lat' dir='ltr'><em>C</em></span> <span class='ocrx_word' id='word_1_251' title='bbox 720 3646 750 3694; x_wconf 92' lang='lat'>8</span> <span class='ocrx_word' id='word_1_252' title='bbox 784 3645 954 3695; x_wconf 84' lang='lat' dir='ltr'>docuit</span> <span class='ocrx_word' id='word_1_253' title='bbox 978 3645 1091 3709; x_wconf 86' lang='lat' dir='ltr'>(sor</span> <span class='ocrx_word' id='word_1_254' title='bbox 1109 3646 1248 3707; x_wconf 83' lang='lat' dir='ltr'>dicit)</span> <span class='ocrx_word' id='word_1_255' title='bbox 1276 3646 1320 3696; x_wconf 89' lang='lat' dir='ltr'><em>C</em></span> <span class='ocrx_word' id='word_1_256' title='bbox 1339 3663 1371 3694; x_wconf 86' lang='lat' dir='ltr'>r</span> <span class='ocrx_word' id='word_1_257' title='bbox 1601 3662 1658 3697; x_wconf 82' lang='lat'>12</span> <span class='ocrx_word' id='word_1_258' title='bbox 1693 3647 2002 3697; x_wconf 83' lang='lat' dir='ltr'>aduersarios</span> <span class='ocrx_word' id='word_1_259' title='bbox 2024 3648 2090 3697; x_wconf 87' lang='lat' dir='ltr'><em>H</em></span> <span class='ocrx_word' id='word_1_260' title='bbox 2279 3647 2341 3699; x_wconf 85' lang='lat'>26</span> <span class='ocrx_word' id='word_1_261' title='bbox 2375 3656 2424 3698; x_wconf 89' lang='lat' dir='ltr'>et</span> <span class='ocrx_word' id='word_1_262' title='bbox 2446 3649 2663 3699; x_wconf 87' lang='lat' dir='ltr'>ostendit</span> <span class='ocrx_word' id='word_1_263' title='bbox 2687 3666 2719 3698; x_wconf 85' lang='lat' dir='ltr'>r</span> 
     </span>
     <span class='ocr_line' id='line_1_35' title="bbox 310 3726 1123 3788; baseline -0.004 -11"><span class='ocrx_word' id='word_1_264' title='bbox 310 3739 385 3788; x_wconf 80' lang='lat'>27,</span> <span class='ocrx_word' id='word_1_265' title='bbox 417 3730 477 3777; x_wconf 87' lang='lat'>28</span> <span class='ocrx_word' id='word_1_266' title='bbox 510 3727 553 3777; x_wconf 86' lang='lat' dir='ltr'>si</span> <span class='ocrx_word' id='word_1_267' title='bbox 574 3726 968 3776; x_wconf 83' lang='lat' dir='ltr'>tamen—filium</span> <span class='ocrx_word' id='word_1_268' title='bbox 989 3742 1066 3774; x_wconf 89' lang='lat' dir='ltr'>om</span> <span class='ocrx_word' id='word_1_269' title='bbox 1091 3744 1123 3775; x_wconf 85' lang='lat' dir='ltr'>r</span> 
     </span>
    </p>
   </div>
   <div class='ocr_carea' id='block_1_19' title="bbox 374 3839 2716 3904">
    <p class='ocr_par' dir='ltr' id='par_1_19' title="bbox 374 3839 2716 3904">
     <span class='ocr_line' id='line_1_36' title="bbox 374 3839 2716 3904; baseline -0 -15"><span class='ocrx_word' id='word_1_270' title='bbox 374 3856 420 3903; x_wconf 76' lang='lat'>3.</span> <span class='ocrx_word' id='word_1_271' title='bbox 512 3847 656 3889; x_wconf 81' lang='lat' dir='ltr'>extra</span> <span class='ocrx_word' id='word_1_272' title='bbox 698 3840 789 3887; x_wconf 83' lang='lat' dir='ltr'>obs.</span> <span class='ocrx_word' id='word_1_273' title='bbox 840 3839 928 3901; x_wconf 76' lang='lat' dir='ltr'>leg.</span> <span class='ocrx_word' id='word_1_274' title='bbox 967 3840 1057 3887; x_wconf 83' lang='lat' dir='ltr'>illa</span> <span class='ocrx_word' id='word_1_275' title='bbox 1100 3839 1162 3888; x_wconf 83' lang='lat' dir='ltr'>ab</span> <span class='ocrx_word' id='word_1_276' title='bbox 1216 3839 1461 3903; x_wconf 81' lang='lat' dir='ltr'>Epaphra</span> <span class='ocrx_word' id='word_1_277' title='bbox 1561 3854 1609 3902; x_wconf 92' lang='lat' dir='ltr'>p.</span> <span class='ocrx_word' id='word_1_278' title='bbox 1659 3852 1778 3901; x_wconf 79' lang='lat'>1273</span> <span class='ocrx_word' id='word_1_279' title='bbox 1822 3842 1922 3889; x_wconf 86' lang='lat' dir='ltr'>and</span> <span class='ocrx_word' id='word_1_280' title='bbox 1958 3839 2035 3889; x_wconf 85' lang='lat' dir='ltr'>for</span> <span class='ocrx_word' id='word_1_281' title='bbox 2065 3840 2380 3896; x_wconf 79' lang='lat' dir='ltr'>adinucnire‚</span> <span class='ocrx_word' id='word_1_282' title='bbox 2417 3842 2478 3890; x_wconf 88' lang='lat' dir='ltr'>ib.</span> <span class='ocrx_word' id='word_1_283' title='bbox 2520 3856 2572 3904; x_wconf 91' lang='lat' dir='ltr'>p.</span> <span class='ocrx_word' id='word_1_284' title='bbox 2603 3854 2716 3903; x_wconf 86' lang='lat'>207.</span> 
     </span>
    </p>
   </div>
   <div class='ocr_carea' id='block_1_20' title="bbox 308 3920 2717 4311">
    <p class='ocr_par' dir='ltr' id='par_1_20' title="bbox 308 3920 2717 4311">
     <span class='ocr_line' id='line_1_37' title="bbox 308 3920 2441 3985; baseline -0.001 -15"><span class='ocrx_word' id='word_1_285' title='bbox 308 3920 457 3982; x_wconf 66' lang='lat' dir='ltr'>susa]</span> <span class='ocrx_word' id='word_1_286' title='bbox 524 3921 606 3970; x_wconf 82' lang='lat' dir='ltr'>Cf.</span> <span class='ocrx_word' id='word_1_287' title='bbox 630 3927 802 3983; x_wconf 86' lang='lat' dir='ltr'>supra,</span> <span class='ocrx_word' id='word_1_288' title='bbox 827 3936 894 3969; x_wconf 88' lang='lat' dir='ltr'>on</span> <span class='ocrx_word' id='word_1_289' title='bbox 917 3921 951 3969; x_wconf 88' lang='lat' dir='ltr'>i.</span> <span class='ocrx_word' id='word_1_290' title='bbox 976 3921 1025 3968; x_wconf 87' lang='lat'>8.</span> <span class='ocrx_word' id='word_1_291' title='bbox 1561 3920 2147 3985; x_wconf 79' lang='lat' dir='ltr'>Philosophiam—doctr.</span> <span class='ocrx_word' id='word_1_292' title='bbox 2159 3939 2183 3982; x_wconf 83' lang='lat'>‚·</span> <span class='ocrx_word' id='word_1_293' title='bbox 2218 3924 2281 3970; x_wconf 90' lang='lat' dir='ltr'>R.</span> <span class='ocrx_word' id='word_1_294' title='bbox 2306 3921 2365 3971; x_wconf 89' lang='lat' dir='ltr'>of</span> <span class='ocrx_word' id='word_1_295' title='bbox 2382 3923 2441 3969; x_wconf 89' lang='lat' dir='ltr'>B.</span> 
     </span>
     <span class='ocr_line' id='line_1_38' title="bbox 374 3998 2650 4069; baseline -0.001 -19"><span class='ocrx_word' id='word_1_296' title='bbox 374 4019 424 4069; x_wconf 93' lang='lat'>9.</span> <span class='ocrx_word' id='word_1_297' title='bbox 464 4022 473 4030; x_wconf 91' lang='lat'><strong>·</strong></span> <span class='ocrx_word' id='word_1_298' title='bbox 511 4002 845 4066; x_wconf 78' lang='lat' dir='ltr'>depraedetur]</span> <span class='ocrx_word' id='word_1_299' title='bbox 925 4003 995 4052; x_wconf 94' lang='lat' dir='ltr'>So</span> <span class='ocrx_word' id='word_1_300' title='bbox 1059 3998 1232 4065; x_wconf 79' lang='lat' dir='ltr'>Cypr..</span> <span class='ocrx_word' id='word_1_301' title='bbox 1287 4001 1460 4059; x_wconf 73' lang='lat' dir='ltr'>Amb..</span> <span class='ocrx_word' id='word_1_302' title='bbox 1634 4002 1709 4049; x_wconf 87' lang='lat'>18.</span> <span class='ocrx_word' id='word_1_303' title='bbox 1775 4017 1862 4049; x_wconf 87' lang='lat' dir='ltr'>sec.</span> <span class='ocrx_word' id='word_1_304' title='bbox 1885 4002 2348 4064; x_wconf 77' lang='lat' dir='ltr'>elem....uidcntnr]</span> <span class='ocrx_word' id='word_1_305' title='bbox 2386 4000 2650 4050; x_wconf 83' lang='lat' dir='ltr'>Lansranc.</span> 
     </span>
     <span class='ocr_line' id='line_1_39' title="bbox 310 4069 2717 4147; baseline 0 -14"><span class='ocrx_word' id='word_1_306' title='bbox 310 4084 558 4134; x_wconf 89' lang='lat' dir='ltr'>Ambrstr.</span> <span class='ocrx_word' id='word_1_307' title='bbox 588 4083 758 4146; x_wconf 63' lang='lat' dir='ltr'>vulg„</span> <span class='ocrx_word' id='word_1_308' title='bbox 792 4080 1110 4147; x_wconf 87' lang='lat' dir='ltr'>“decipiat.’&#39;</span> <span class='ocrx_word' id='word_1_309' title='bbox 1629 4096 1710 4130; x_wconf 89' lang='lat'>21.</span> <span class='ocrx_word' id='word_1_310' title='bbox 1776 4083 1846 4131; x_wconf 87' lang='lat' dir='ltr'>sic</span> <span class='ocrx_word' id='word_1_311' title='bbox 1887 4085 2022 4132; x_wconf 86' lang='lat' dir='ltr'>enim</span> <span class='ocrx_word' id='word_1_312' title='bbox 2064 4086 2198 4133; x_wconf 86' lang='lat' dir='ltr'>illud</span> <span class='ocrx_word' id='word_1_313' title='bbox 2235 4069 2281 4134; x_wconf 70' lang='lat' dir='ltr'>et</span> <span class='ocrx_word' id='word_1_314' title='bbox 2329 4084 2542 4144; x_wconf 81' lang='lat' dir='ltr'>Galatis]</span> <span class='ocrx_word' id='word_1_315' title='bbox 2621 4084 2717 4134; x_wconf 85' lang='lat' dir='ltr'>See</span> 
     </span>
     <span class='ocr_line' id='line_1_40' title="bbox 384 4161 2051 4227; baseline -0.002 -12"><span class='ocrx_word' id='word_1_316' title='bbox 384 4182 458 4215; x_wconf 88' lang='lat'>11.</span> <span class='ocrx_word' id='word_1_317' title='bbox 547 4165 803 4214; x_wconf 74' lang='lat' dir='ltr'>verborum</span> <span class='ocrx_word' id='word_1_318' title='bbox 870 4171 1036 4227; x_wconf 86' lang='lat' dir='ltr'>pomp.</span> <span class='ocrx_word' id='word_1_319' title='bbox 1119 4164 1289 4226; x_wconf 64' lang='lat' dir='ltr'>doctr]</span> <span class='ocrx_word' id='word_1_320' title='bbox 1379 4162 1460 4212; x_wconf 84' lang='lat' dir='ltr'>Cf.</span> <span class='ocrx_word' id='word_1_321' title='bbox 1562 4179 1610 4226; x_wconf 93' lang='lat' dir='ltr'>p.</span> <span class='ocrx_word' id='word_1_322' title='bbox 1641 4161 1722 4222; x_wconf 89' lang='lat'>60,</span> <span class='ocrx_word' id='word_1_323' title='bbox 1751 4165 1784 4213; x_wconf 94' lang='lat'>1.</span> <span class='ocrx_word' id='word_1_324' title='bbox 1815 4179 1888 4223; x_wconf 89' lang='lat'>12,</span> <span class='ocrx_word' id='word_1_325' title='bbox 1918 4174 2051 4215; x_wconf 89' lang='lat' dir='ltr'>note.</span> 
     </span>
     <span class='ocr_line' id='line_1_41' title="bbox 312 4244 2717 4311; baseline -0.001 -13"><span class='ocrx_word' id='word_1_326' title='bbox 312 4250 501 4298; x_wconf 87' lang='lat' dir='ltr'>Thdt.:</span> <span class='ocrx_word' id='word_1_327' title='bbox 535 4244 593 4308; x_wconf 83' lang='grc' dir='ltr'>ἣν</span> <span class='ocrx_word' id='word_1_328' title='bbox 628 4248 722 4295; x_wconf 63' lang='grc' dir='ltr'>ἅνω</span> <span class='ocrx_word' id='word_1_329' title='bbox 757 4247 1105 4308; x_wconf 71' lang='grc' dir='ltr'>πιθανολογὶαν</span> <span class='ocrx_word' id='word_1_330' title='bbox 1141 4246 1345 4294; x_wconf 81' lang='grc' dir='ltr'>ἐνταῦθα,</span> <span class='ocrx_word' id='word_1_331' title='bbox 1384 4251 1463 4307; x_wconf 84' lang='grc' dir='ltr'>φι·</span> <span class='ocrx_word' id='word_1_332' title='bbox 1632 4263 1711 4297; x_wconf 88' lang='lat'>22.</span> <span class='ocrx_word' id='word_1_333' title='bbox 1778 4249 2259 4298; x_wconf 84' lang='lat' dir='ltr'>traditionem...non</span> <span class='ocrx_word' id='word_1_334' title='bbox 2325 4249 2482 4311; x_wconf 82' lang='lat' dir='ltr'>ipsam</span> <span class='ocrx_word' id='word_1_335' title='bbox 2548 4247 2717 4310; x_wconf 55' lang='lat' dir='ltr'>legem]</span> 
     </span>
    </p>
   </div>
   <div class='ocr_carea' id='block_1_21' title="bbox 312 4329 2720 4560">
    <p class='ocr_par' dir='ltr' id='par_1_21' title="bbox 312 4329 2720 4560">
     <span class='ocr_line' id='line_1_42' title="bbox 312 4329 2720 4393; baseline -0.002 -12"><span class='ocrx_word' id='word_1_336' title='bbox 312 4333 550 4393; x_wconf 78' lang='grc' dir='ltr'>λοσοφίαν</span> <span class='ocrx_word' id='word_1_337' title='bbox 589 4329 832 4379; x_wconf 80' lang='grc' dir='ltr'>ἐκάλεσεν.</span> <span class='ocrx_word' id='word_1_338' title='bbox 900 4330 997 4379; x_wconf 90' lang='lat' dir='ltr'>Th.</span> <span class='ocrx_word' id='word_1_339' title='bbox 1022 4346 1089 4379; x_wconf 90' lang='lat' dir='ltr'>on</span> <span class='ocrx_word' id='word_1_340' title='bbox 1118 4345 1135 4378; x_wconf 88' lang='lat'>1</span> <span class='ocrx_word' id='word_1_341' title='bbox 1168 4330 1283 4378; x_wconf 83' lang='lat' dir='ltr'>Cor.</span> <span class='ocrx_word' id='word_1_342' title='bbox 1309 4330 1341 4378; x_wconf 92' lang='lat' dir='ltr'>i.</span> <span class='ocrx_word' id='word_1_343' title='bbox 1376 4342 1462 4392; x_wconf 84' lang='lat'>17:</span> <span class='ocrx_word' id='word_1_344' title='bbox 1564 4329 1752 4380; x_wconf 85' lang='lat' dir='ltr'>Thdt.=</span> <span class='ocrx_word' id='word_1_345' title='bbox 1804 4332 1887 4378; x_wconf 84' lang='grc' dir='ltr'>οὐκ</span> <span class='ocrx_word' id='word_1_346' title='bbox 1932 4331 2076 4378; x_wconf 72' lang='grc' dir='ltr'>αὑτὸν</span> <span class='ocrx_word' id='word_1_347' title='bbox 2117 4330 2201 4376; x_wconf 83' lang='grc' dir='ltr'>τὸν</span> <span class='ocrx_word' id='word_1_348' title='bbox 2243 4329 2398 4389; x_wconf 81' lang='grc' dir='ltr'><strong><em>νόμον,</em></strong></span> <span class='ocrx_word' id='word_1_349' title='bbox 2456 4331 2587 4377; x_wconf 80' lang='grc' dir='ltr'>ἀλλὰ</span> <span class='ocrx_word' id='word_1_350' title='bbox 2630 4330 2720 4388; x_wconf 78' lang='grc' dir='ltr'>τὴν</span> 
     </span>
     <span class='ocr_line' id='line_1_43' title="bbox 313 4409 2190 4476; baseline -0.004 -12"><span class='ocrx_word' id='word_1_351' title='bbox 313 4416 658 4476; x_wconf 73' lang='grc' dir='ltr'>καλλιλεξίᾳ</span> <span class='ocrx_word' id='word_1_352' title='bbox 711 4415 1123 4475; x_wconf 74' lang='grc' dir='ltr'><strong><em>καταχρωννύντες</em></strong></span> <span class='ocrx_word' id='word_1_353' title='bbox 1176 4415 1233 4461; x_wconf 82' lang='grc' dir='ltr'>τὸ</span> <span class='ocrx_word' id='word_1_354' title='bbox 1279 4412 1465 4474; x_wconf 78' lang='grc' dir='ltr'><strong><em>ψεῦδος.</em></strong></span> <span class='ocrx_word' id='word_1_355' title='bbox 1566 4409 1760 4473; x_wconf 78' lang='grc' dir='ltr'>ἄκαιρον</span> <span class='ocrx_word' id='word_1_356' title='bbox 1782 4413 1929 4461; x_wconf 78' lang='grc' dir='ltr'>αὐτοῦ</span> <span class='ocrx_word' id='word_1_357' title='bbox 1952 4411 2190 4470; x_wconf 77' lang='grc' dir='ltr'>φυλακήν.</span> 
     </span>
     <span class='ocr_line' id='line_1_44' title="bbox 318 4495 1463 4560; baseline -0.004 -14"><span class='ocrx_word' id='word_1_358' title='bbox 318 4500 415 4548; x_wconf 86' lang='lat' dir='ltr'>For</span> <span class='ocrx_word' id='word_1_359' title='bbox 445 4514 554 4547; x_wconf 81' lang='lat' dir='ltr'>cxx.</span> <span class='ocrx_word' id='word_1_360' title='bbox 581 4495 638 4546; x_wconf 86' lang='lat' dir='ltr'>os</span> <span class='ocrx_word' id='word_1_361' title='bbox 656 4502 917 4560; x_wconf 81' lang='lat' dir='ltr'>pomposus</span> <span class='ocrx_word' id='word_1_362' title='bbox 946 4510 1028 4545; x_wconf 87' lang='lat' dir='ltr'>see</span> <span class='ocrx_word' id='word_1_363' title='bbox 1066 4495 1281 4553; x_wconf 73' lang='lat' dir='ltr'>Ronsch‚</span> <span class='ocrx_word' id='word_1_364' title='bbox 1309 4495 1463 4549; x_wconf 78' lang='lat' dir='ltr'>Itala,</span> 
     </span>
    </p>
   </div>
  </div>
 </body>
</html>
