3293 5233
338 400 458 466 IV.
504 415 598 484 17,
637 401 756 485 18.]
1146 414 1228 465 IN
1274 413 1378 465 ΕΡ.
1425 415 1527 466 AD
1574 414 1950 468 EPHEs1os.
2625 414 2738 481 171

333 579 462 642 hoc
502 582 681 663 quod
722 591 943 664 potest
982 581 1050 646 in
1088 582 1426 645 communi
1458 581 1857 658 conserente,
1890 581 1983 645 ita
2021 590 2096 646 ut
2137 599 2258 645 nee
2290 581 2399 646 ille
2429 580 2541 664 qui
2574 579 2750 645 infir·

336 707 516 749 mam
565 686 827 750 uidetur
869 687 1113 750 habere
1152 687 1454 768 gratiam,
1496 687 1715 748 minus
1755 705 1900 748 esse
1940 685 2023 748 ad
2064 704 2487 748 communem
2520 683 2751 749 existi-

336 802 554 855 metur
597 790 1090 873 perfectionem,
1136 790 1464 873 siquidem
1517 798 1585 852 et
1627 790 1694 851 in
1737 809 2010 869 corpore
2052 789 2499 851 membrorum
2545 807 2746 850 unam

336 903 600 957 constat
631 915 775 957 esse
805 904 1110 957 naturam
1137 915 1150 971 ;
1207 894 1476 975 insuper
1504 894 1707 956 etiam
1756 900 1824 955 et
1869 912 2291 955 communem
2324 894 2410 957 de
2440 894 2751 957 omnibus

338 999 651 1061 membris
682 999 1006 1062 habemus
1037 997 1567 1072 sollicitudinem,
1599 997 1826 1059 omnia
1857 996 2157 1072 similiter
2186 996 2270 1058 ad
2315 996 2747 1060 stabilitatem
2825 1013 2856 1079 5

335 1104 709 1167 communis
741 1103 1031 1185 corporis
1064 1100 1374 1184 perficere
1405 1101 1905 1174 existimantem
1937 1109 2004 1163 et
2035 1109 2305 1181 propter
2335 1099 2462 1162 hoc
2494 1099 2747 1163 nullum

338 1221 603 1274 nostrae
633 1207 1094 1291 prouidentiae
1124 1207 1474 1288 indignum
1508 1225 1653 1267 esse
1683 1204 2092 1278 arbitramur,
2126 1212 2359 1284 utpote
2400 1202 2748 1266 minimum

337 1312 423 1374 ab
455 1309 598 1374 illis.

468 1419 536 1474 et
580 1409 897 1492 quoniam
931 1409 1018 1472 ob
1048 1407 1409 1491 gratiarum
1453 1406 1900 1472 differentiam
1946 1426 2119 1487 quae
2162 1406 2562 1470 uidebantur
2605 1427 2749 1470 esse

336 1513 448 1578 illa
477 1534 649 1596 quae
680 1512 1167 1575 conueniebant
1198 1512 1429 1587 edixit,
1461 1511 1705 1575 adicit:
2784 1532 2864 1579 10

464 1685 577 1749 hoc
601 1705 750 1767 ergo
778 1681 916 1746 dico
944 1691 1006 1745 et
1034 1680 1335 1764 testzficor
1361 1680 1432 1744 in
1462 1679 1762 1744 Domino,

465 1823 831 1888 necessarie
877 1822 1099 1904 posuit
1139 1821 1451 1904 testfficor,
1486 1832 1640 1903 post
1685 1821 2221 1904 praecedentium
2268 1817 2751 1904 probationein,

337 1924 405 1988 in
436 1926 675 2007 quibus
706 1925 888 1987 omni
927 1945 1017 1987 ex
1063 1935 1252 2007 parte
1292 1925 1587 1988 ostendit
1625 1925 2068 1987 necessarium
2113 1925 2239 1988 illis
2285 1946 2429 1988 esse
2474 1946 2751 1988 consen-

336 2047 503 2092 sum.

465 2191 563 2255 ita
610 2201 686 2255 ut
730 2190 909 2253 ultra
961 2211 1087 2253 non
1137 2190 1492 2266 ambuletis,
1543 2191 1713 2255 sicut
1758 2200 1822 2255 et
1868 2202 2101 2256 ceterae
2141 2203 2364 2275 gentes
2410 2195 2753 2258 ambulant
2787 2203 2855 2270 15

336 2292 409 2356 in
439 2293 730 2356 uanitate
770 2292 1003 2354 mentis
1038 2314 1207 2368 suae,
1236 2293 1544 2356 excaecati
1581 2293 1913 2368 intellectu,
1952 2294 2309 2359 abalienati
2347 2318 2390 2359 a
2435 2298 2577 2360 uita
2622 2297 2754 2362 Dei

320 2406 585 2478 propter
642 2395 1086 2477 eguerantiam
1138 2416 1298 2477 quae
1353 2405 1448 2458 est
1505 2395 1575 2458 in
1624 2396 1775 2471 illis,
1819 2405 2086 2478 propter
2131 2399 2492 2461 caecitatem
2541 2400 2752 2463 cordzls·

333 2517 569 2562 eorum.

467 2639 647 2722 †hoc
671 2640 833 2703 dicit
857 2640 1347 2720 compendiose,
1374 2641 1689 2721 quoniam
1716 2647 1875 2704 ‘non
1910 2652 2011 2705 est
2044 2643 2287 2706 iustum
2314 2665 2435 2707 uos
2460 2645 2543 2707 ad
2571 2645 2752 2708 sirni-

337 2744 685 2807 litudinem
717 2745 1017 2823 gentium
1051 2763 1261 2823 agere,
1292 2743 1404 2821 qui
1438 2743 1597 2803 nihil
1632 2743 1848 2804 sciunt
1879 2744 1963 2805 de
1996 2743 2122 2805 illis
2152 2765 2323 2825 quae
2354 2746 2477 2808 sibi
2511 2768 2750 2810 conue-
2780 2766 2866 2814 20

337 2847 545 2920 niunt‚
566 2844 680 2907 sed
709 2855 1049 2924 tamquam
1084 2846 1149 2905 in
1182 2842 1470 2905 tenebris
1501 2842 1920 2905 ambulantes
1951 2854 2018 2907 et
2048 2866 2087 2907 a
2118 2847 2368 2926 pietate
2399 2846 2753 2927 elongaue-

469 3082 660 3144 τοῦτο
712 3077 886 3162 λέγει
947 3076 1291 3159 συντόμως·
1361 3074 1470 3141 ὀὐ
1523 3074 1774 3142 δίκαιον
1826 3074 1994 3156 ὑμᾶς
2051 3075 2383 3144 ἀκόλουθα
2442 3080 2755 3165 πράττειν

338 3186 472 3250 τοῖς
519 3181 792 3260 ἔθνεσιν,
835 3179 901 3245 οἳ
940 3178 1138 3262 μηδὲν
1185 3176 1611 3258 ἐπιστάμενοι
1651 3180 1780 3242 τῶν
1828 3175 2100 3243 δεόντων
2147 3177 2367 3263 ὥσπερ
2414 3180 2483 3244 ἐν
2530 3182 2755 3245 σκότει

339 3284 691 3366 διάγουσιν,
754 3287 868 3363 τῆς
926 3279 1264 3361 εὐσεβείας
1322 3281 1582 3367 μακρὰν
1639 3280 2070 3368 τυγχάνοντες
2134 3279 2247 3345 καὶ
2292 3284 2405 3363 τῆς
2449 3285 2560 3347 τοῦ
2606 3282 2752 3348 θεοῦ

441 3505 459 3537 1
500 3489 551 3537 hi
579 3488 771 3537 firmam
801 3485 878 3536 C*
905 3486 1099 3535 infirma
1119 3484 1185 3534 H
1325 3500 1351 3533 2
1387 3482 1547 3546 gratia
1570 3484 1637 3531 H
1656 3480 1665 3547 Ι
1693 3482 1928 3531 minimus
1953 3482 2070 3546 (sor
2090 3482 2272 3545 minus)
2303 3484 2348 3532 C
2498 3498 2543 3547 3,
2568 3505 2599 3547 4
2633 3500 2750 3539 una,

337 3579 513 3619 natura
553 3572 598 3619 C
771 3585 825 3631 13
861 3584 962 3632 quo
996 3568 1061 3615 ll
1250 3581 1310 3614 22
1343 3580 1419 3628 sq.
1458 3563 1609 3614 Coisl.
1653 3578 1767 3627 204,
1792 3563 1825 3613 f.
1866 3565 1928 3626 85
1953 3580 1983 3612 a
2017 3565 2122 3626 [Cr.
2149 3564 2211 3612 vi.
2250 3557 2354 3628 177,
2385 3566 2470 3615 Fr.
2501 3567 2613 3630 135]
2648 3567 2750 3615 θεὸ-

337 3653 481 3713 δωρος
504 3649 555 3700 δὲ
579 3658 743 3712 φησιν·
779 3652 940 3711 τοῦτο,
965 3649 1129 3697 κ.τ.λ.

403 3854 446 3889 α.
517 3838 685 3887 minus
724 3835 835 3897 esse]
957 3835 1036 3884 Cf.
1082 3850 1132 3900 p.
1185 3831 1264 3896 56,
1322 3833 1359 3881 l.
1415 3834 1490 3888 18,
1592 3833 1732 3883 ὄντας
1755 3831 1908 3881 found
1933 3833 2073 3897 place
2097 3832 2148 3882 in
2166 3833 2309 3883 Th.'s
2333 3842 2453 3894 text,
2481 3852 2572 3885 our
2594 3844 2749 3886 trans·

339 3928 474 3968 note.
1592 3916 1722 3965 lator
1760 3915 1928 3963 would
1965 3916 2208 3980 probably
2247 3918 2375 3966 have
2418 3919 2583 3967 added
2627 3922 2746 3968 exis-

412 4015 483 4061 ¹5·
554 4000 678 4047 st’cut
723 4005 769 4046 et
809 4003 889 4046 cet.
944 3996 1130 4061 gentes]
1209 3997 1307 4045 Th.
1351 3996 1492 4055 (with
1591 4003 1755 4051 tentes,
1813 4012 1871 4044 or
1923 3997 2014 4061 qui
2062 3998 2311 4047 existunt:
2365 3998 2427 4049 cs.
2478 4016 2522 4049 c.
2571 4001 2621 4049 ii.
2665 4014 2746 4049 20.

341 4080 729 4143 Chrys.,Thdt.,
752 4076 924 4139 Dam.)
945 4079 1086 4127 reads
1110 4079 1172 4126 τὰ
1195 4078 1345 4126 λοιπὰ
1361 4078 1489 4135 ἔθνη.
1594 4079 1697 4127 For
1734 4079 2015 4136 abalienati,
2056 4095 2138 4128 see
2182 4081 2360 4137 above,
2397 4097 2446 4145 p.
2483 4098 2589 4148 149,
2629 4083 2664 4131 1.
2699 4097 2742 4147 7,

343 4164 531 4211 Ceterae
551 4160 592 4208 is
615 4159 823 4207 omitted
847 4159 913 4220 by
936 4159 1020 4206 the
1046 4160 1191 4207 Latin
1216 4159 1451 4206 versions.
1596 4167 1726 4207 note.

411 4243 486 4292 16.
551 4241 786 4289 excaecati
822 4240 1082 4299 intellectu]
1164 4241 1494 4297 ἐσκοτωμένοι
1661 4255 1741 4289 21.
1806 4242 2175 4305 elongauerunt]
2199 4245 2607 4308 ἐμακρύναντο(Ρ).
2651 4249 2746 4297 See

338 4325 628 4387 [-τωμένοι
642 4322 684 4382 ἶ]
707 4320 770 4381 τῇ
797 4322 994 4381 διανοίᾳ.
1061 4321 1124 4370 Ο.
1153 4322 1231 4376 L.,
1254 4320 1499 4368 obscurati
1598 4321 1817 4379 Riinsch,
1836 4324 1988 4381 Itala,
2013 4339 2065 4389 p.
2092 4338 2145 4387 17
2153 4341 2198 4387 3.
2250 4326 2329 4374 Cf.
2342 4327 2675 4391 prolongaret‚
2692 4345 2743 4393 p,

329 4409 591 4467 intellectu,
641 4404 961 4465 intellegenda
984 4417 1008 4461 ‚·
1073 4401 1247 4466 Vulg.,
1294 4402 1494 4451 tenebris
1602 4419 1620 4452 1
1635 4420 1709 4468 19,
1736 4403 1769 4450 l.
1800 4419 1818 4451 1
1834 4420 1875 4452 1.

336 4493 643 4539 obscuratum
702 4488 921 4536 habentes
974 4485 1279 4533 intelleclum.
1371 4485 1491 4532 Had
