3293 5233
1212 383 1668 435 THEODORUS
1715 383 2299 436 MOPSUESTENUS

551 387 673 450 144
2614 372 2730 456 [11.
2769 387 2970 455 3-5-

539 543 717 619 e'nim
766 556 928 620 dicit
972 555 1258 639 spiritus,
1291 576 1372 643 eo
1419 556 1597 638 quod
1650 565 1717 620 et
1769 566 2025 620 motum
2080 557 2248 620 aeris
2295 554 2526 621 flatum
2575 579 2973 642 nuncupare

540 659 1019 722 consueuimuS.
1108 658 1278 721 bene
1327 666 1550 720 autem
1603 657 1820 721 dixit:
1870 657 1986 738 qui
2035 679 2204 720 nunc
2248 658 2622 741 inoperatur
2666 659 2738 722 in
2772 660 2975 742 filios

538 756 976 839 diffidentiae,·
1040 779 1119 821 eo
1179 760 1356 840 quod
1419 768 1487 821 et
1538 758 1624 821 ab
1677 758 1791 822 illa
1840 761 1925 822 sit
1978 761 2255 823 reiectus
2309 770 2656 843 potestate,
2711 772 2778 825 et
2830 763 2969 826 hoc

540 858 712 922 ultro
761 871 1069 943 operatur
1118 858 1387 943 propter
1433 860 1683 924 arbitrii
1734 861 1833 923 sui
1889 860 2419 926 mutabilitatem.
2511 862 2707 926 ‘haec
2758 865 2969 945 igitur

478 963 842 1051 5agebatis
901 965 1174 1039 dudum,
1250 984 1330 1026 eo
1390 965 1568 1045 quod
1632 974 1700 1027 et
1760 964 2163 1027 diabolicum
2232 966 2687 1048 sequebamini
2766 968 2967 1031 intel-

540 1064 803 1141 lectum,
859 1075 927 1128 et
979 1086 1129 1127 cum
1184 1067 1515 1147 praesenti
1564 1065 1691 1128 hac
1742 1067 1881 1129 uita
1934 1068 2161 1129 omnia
2221 1078 2439 1131 uestra
2492 1069 2748 1132 definiri
2804 1090 2966 1133 cen-

540 1170 829 1235 sebatis’.
896 1181 964 1234 et
994 1170 1308 1253 quoniam
1341 1163 1532 1245 dix'it,
1566 1191 1695 1245 uos,
1726 1180 1798 1233 ut
1831 1191 1914 1232 ne
1945 1169 2328 1234 subtrahere
2359 1192 2429 1235 se
2461 1173 2966 1237 existimaretur

540 1278 628 1341 ab
660 1276 787 1339 illis
817 1277 928 1358 qui
963 1276 1398 1338 necessariam
1432 1273 1675 1337 habere
1705 1273 2102 1337 uidebantur
2132 1276 2432 1355 gratiam,
2466 1277 2709 1340 adicit:

671 1423 743 1486 in
771 1424 1003 1505 quibus
1029 1434 1090 1486 et
1118 1444 1231 1485 nos
1257 1444 1473 1485 omnes
1498 1422 1858 1486 conuersati
1882 1443 2108 1485 sumus
2139 1422 2489 1504 aliquando
2519 1423 2591 1486 in
2620 1423 2965 1488 desiden'is

441 1549 519 1596 10
539 1529 759 1592 carnis
810 1540 1077 1603 nostrae,
1119 1527 1437 1609 facientes
1494 1527 1886 1589 uoluntatem
1944 1526 2164 1589 carnis
2217 1537 2281 1590 et
2334 1527 2789 1610 cogitationum
2808 1552 2836 1602 ,·
2896 1539 2967 1591 et

540 1652 800 1695 eramus
830 1641 1071 1693 natura
1084 1629 1232 1712 filii
1260 1628 1411 1703 irae,
1440 1627 1608 1691 sicut
1633 1638 1696 1690 et
1720 1628 1927 1692 ceteri.

671 1751 853 1813 omni
907 1771 995 1812 ex
1051 1759 1238 1831 parte
1286 1748 1698 1830 propositum
1751 1745 1954 1809 habet
2006 1747 2303 1809 diuinam
2357 1767 2599 1828 augere
2651 1749 2955 1830 gratiam,

547 1854 716 1917 sicut
768 1862 836 1915 et
890 1853 956 1914 in
1012 1851 1191 1913 illam
1243 1851 1692 1913 narrationem
1753 1869 1954 1932 quam
2010 1849 2095 1911 de
2143 1848 2274 1911 illis
2327 1850 2635 1931 expediit
2687 1871 2860 1933 quae
2917 1873 2960 1915 a

545 1958 694 2019 Deo
755 1957 929 2019 sacta
1004 1963 1174 2028 sunt,
1237 1954 1616 2016 nominibus
1679 1952 1923 2015 abusus
1984 1953 2227 2016 talibus
2301 1953 2542 2035 quibus
2617 1953 2729 2017 illa
2803 1975 2954 2019 cum

441 2065 511 2131 15
543 2067 902 2140 augmento
948 2056 1459 2118 commendaret.
1549 2054 1642 2116 sic
1689 2064 1757 2117 et
1801 2054 1886 2117 ab
1932 2055 2202 2118 arbitrio
2247 2076 2475 2118 eorum
2507 2057 2620 2138 qui
2653 2078 2956 2140 suscepe-

542 2172 707 2238 rant,
762 2160 994 2224 uolens
1055 2180 1294 2241 augere
1356 2159 1484 2221 Dei
1561 2157 2066 2236 liberalitatem3
2136 2160 2453 2241 quoniam
2530 2181 2681 2223 cum
2759 2161 2956 2225 ualde

542 2272 765 2328 essent
816 2263 971 2325 mali
1026 2271 1094 2324 et
1147 2261 1400 2342 indigni
1455 2261 1851 2323 donationes
1905 2260 2028 2322 frui
2080 2259 2224 2323 illas
2272 2281 2443 2343 quae
2491 2283 2532 2326 a
2583 2262 2732 2324 Deo
2781 2273 2953 2338 sunt,

542 2375 768 2429 tamen
822 2374 889 2427 et
938 2363 1146 2426 multa
1195 2372 1262 2425 et
1314 2383 1561 2443 magna
1607 2363 1833 2444 adepti
1884 2372 2037 2425 sunt
2081 2363 2275 2426 bona.
2364 2382 2638 2444 quorum
2686 2372 2754 2425 et
2796 2383 2950 2425 cum

544 2469 847 2532 maxima
896 2466 1318 2529 accusatione
1365 2486 1773 2547 exaggerare
1827 2467 2058 2529 nititur
2101 2467 2443 2530 malitiam.
2532 2467 2681 2528 ideo
2727 2466 2955 2530 uolun-

432 2594 518 2644 20
543 2580 705 2635 tates
752 2568 971 2632 carnis
1015 2577 1079 2631 et
1125 2567 1580 2649 cogitationum
1630 2568 1837 2646 dicit3
1908 2577 1990 2644 et,
2045 2589 2307 2631 eramus
2350 2578 2592 2632 natura
2627 2569 2779 2653 filii
2820 2569 2960 2634 irae

541 2684 608 2736 et
639 2681 894 2750 cetera;
944 2671 1180 2752 quibus
1212 2668 1636 2733 uehementer
1669 2671 2010 2752 antiquam
2044 2692 2270 2734 eorum
2310 2672 2569 2735 incusat
2614 2673 2948 2736 malitiam.

541 2798 693 2838 cum
725 2798 884 2858 ergo
916 2776 1082 2838 tales
1116 2794 1424 2848 essemuS,
1456 2775 1614 2856 quid
1650 2773 1937 2837 accidit?

671 2930 851 2992 Deus
894 2940 1106 2992 antem
1152 2928 1332 2990 diaes
1378 2949 1517 2990 cum
1558 2936 1715 2990 esset
1759 2926 1830 2989 'in
1878 2925 2334 3001 misericordia,
2367 2936 2633 3010 propter
2680 2926 2952 2990 multam

539 3038 874 3098 caritatem
918 3057 1104 3096 suam
1136 3056 1264 3114 qna
1294 3032 1521 3096 dilexit
1548 3053 1675 3106 νιος,
1705 3040 1768 3094 et
1807 3052 1949 3094 cum
1992 3051 2266 3093 essemus
2311 3030 2556 3094 mortui
2597 3030 2670 3093 in
2712 3030 2958 3093 delictis

433 3158 507 3220 23
541 3152 599 3202 ct
631 3142 699 3202 in
719 3140 1003 3222 peccatis.

675 3290 827 3328 nam
878 3290 1018 3328 cum
1068 3288 1340 3328 essemus
1386 3264 1511 3327 hoc
1561 3265 1626 3326 in
1682 3264 1829 3326 loco
1881 3264 2124 3338 dicenS,
2170 3263 2390 3344 signat
2441 3264 2622 3345 quod
2673 3263 2955 3343 suimus;

1850 3425 1881 3475 6
1936 3424 2144 3474 definire
2185 3426 2248 3474 H
2256 3424 2283 3450 ⁴
2522 3440 2581 3474 10
2613 3434 2807 3475 uestrae
2846 3423 2962 3489 (jor

1856 3521 1911 3555 12
1946 3507 2172 3556 diuinum
2198 3507 2264 3554 H
2441 3522 2496 3569 13
2532 3507 2584 3555 in
2606 3523 2683 3555 om
2708 3506 2801 3556 H*
2835 3506 2843 3569 Ι
2873 3507 2960 3555 illa

1734 3605 1791 3648 14
1825 3589 1875 3637 in
1898 3589 2130 3636 omnibus
2167 3586 2281 3651 (sor
2316 3587 2473 3652 nom.)
2511 3589 2579 3636 II
2787 3603 2844 3651 15
2892 3590 2960 3638 ab

1568 3687 1750 3735 19—21
1792 3671 2214 3720 ideo...malitiam
2236 3687 2312 3720 om
2336 3672 2403 3719 H

645 3448 669 3476 α
709 3440 940 3494 operatur
974 3432 1040 3478 H
1240 3446 1270 3488 4
1307 3430 1438 3476 ultra
1476 3428 1622 3477 C'H

545 3512 757 3574 nostrae)
787 3514 874 3572 H}
904 3522 1094 3558 uestrae
1120 3508 1212 3572 (ast
1236 3510 1410 3568 carnis)
1436 3509 1539 3557 add
1555 3508 1649 3557 ll*

547 3597 825 3642 narratione
855 3594 896 3640 C
922 3592 1064 3652 (sorr)
1100 3594 1106 3654 l
1136 3592 1338 3651 expetiit
1382 3590 1525 3638 C*II

543 3694 617 3722 om
647 3678 705 3722 ll
936 3688 990 3734 17
1030 3674 1138 3720 illas
1164 3674 1254 3720 frui
1278 3674 1342 3720 l!

1803 3818 1993 3869 δεικνύς.
2064 3820 2142 3869 Cf.
2180 3837 2230 3884 p.
2276 3834 2382 3882 145,
2417 3820 2450 3869 l.
2491 3830 2535 3879 5.
2604 3820 2679 3868 Et
2720 3820 2958 3885 quoniam

1800 3903 1929 3949 dixit
1935 3940 2051 3950 ......
2058 3903 2207 3949 odic-it
2241 3902 2281 3949 is
2316 3901 2447 3950 cited
2471 3902 2538 3964 by
2564 3900 2826 3951 Lansranc.

1876 4000 1948 4050 19.
2018 3984 2311 4043 uoluntates]
2394 3984 2456 4031 τὰ
2499 3985 2763 4041 θελήματα.
2845 3983 2958 4032 The

549 3846 687 3892 penius
709 3837 759 3874 to
777 3826 1078 3874 understand
1104 3826 1190 3872 ‘tofi'
1214 3820 1476 3880 πνεῦματος
1494 3822 1702 3879 αετ-τῆς

549 3912 707 3967 πνοῆς,
751 3908 1100 3973 punctuating:
1162 3906 1286 3953 κατὰ
1328 3904 1410 3953 τὸν
1453 3903 1561 3965 ἄρχ.
1616 3907 1702 3962 τῆς

547 3997 609 4051 ἐξ
675 3995 757 4039 τοῦ
813 3993 948 4051 ἀέρος
992 3991 1076 4035 τοῦ
1122 3991 1404 4043 πνεύματος·
1458 3986 1545 4034 τοῦ
1598 3986 1698 4042 νῦν,

551 4095 589 4119 κ.
608 4093 647 4121 τ.
667 4077 707 4119 λ.
767 4071 878 4117 The
902 4073 992 4117 last
1018 4069 1232 4131 genitive
1262 4065 1364 4121 (τοῦ
1386 4065 1479 4125 νῦν,
1510 4067 1699 4126 κ.τ.λ.)

547 4157 607 4201 lu:
655 4169 811 4200 seems
853 4161 904 4197 to
944 4159 1150 4199 connect
1192 4147 1310 4195 with
1358 4149 1438 4193 τὸν
1488 4143 1701 4207 ἄρχοντα

549 4239 611 4297 by
649 4235 926 4297 hypallage:
984 4233 1044 4279 cs.
1084 4233 1268 4289 XViner,
1318 4229 1404 4289 (ed.
1450 4227 1701 4289 Moulton)

551 4337 629 4379 lq).
663 4333 861 4379 590—1.

618 4419 659 4461 5.
729 4417 789 4447 nc
841 4399 1120 4447 sul-&ahere
1172 4413 1220 4443 se
1270 4395 1430 4455 arist]
1514 4393 1698 4441 Thdm

551 4483 795 4529 otvmirrft
845 4485 918 4527 aa}
974 4481 1152 4537 ἐαυΐῷν,
1210 4479 1364 4535 ,κοινὴ-ι·
1418 4478 1517 4535 τὴν
1558 4474 1700 4523 νόσον

1801 4066 1872 4129 pl.
1912 4065 1952 4113 is
1993 4065 2144 4114 found
2179 4066 2229 4113 in
2261 4064 2460 4114 Lucifer
2490 4064 2653 4114 Calar.
2688 4066 2786 4113 and
2820 4066 2950 4129 Aug.

1804 4146 1866 4194 In
1903 4147 1987 4195 the
2023 4153 2123 4195 text
2162 4147 2215 4206 (1.
2255 4162 2326 4206 ro,
2365 4147 2541 4210 supra)
2577 4147 2660 4196 the
2695 4148 2961 4196 translator

1803 4228 1894 4277 has
1917 4228 2042 4277 been
2067 4228 2147 4276 led
2173 4228 2238 4292 by
2254 4229 2338 4277 the
2361 4228 2605 4278 influence
2629 4228 2686 4277 os
2701 4228 2786 4278 the
2805 4229 2956 4294 Vulg.

1802 4316 1855 4360 to
1878 4310 2032 4375 adopt
2057 4309 2140 4359 the
2163 4311 2289 4374 sing.

1870 4390 1946 4441 26.
2016 4408 2136 4439 nam
2169 4406 2280 4440 cum
2316 4408 2549 4448 esserum,
2592 4392 2704 4454 δια]
2769 4391 2829 4441 τὸ
2859 4395 2962 4456 γὰρ

1802 4474 1969 4523 ὄντας
2014 4471 2220 4522 ἐνταῦθα
2264 4472 2414 4522 εἰπὼν
2447 4475 2667 4533 σημαίνει
2705 4475 2779 4524 ὅτι
2815 4470 2953 4536 ἦμεν,
