3293 5233
382 405 434 471 Ι.
473 423 496 469 ι
512 405 768 490 5—17.]

1233 422 1316 473 IN
1365 421 1470 474 ΕΡ.
1519 422 1622 473 An
1668 421 2019 474 GALATAs.
2721 425 2796 488 13

382 598 606 655 utru'm
651 592 1028 675 spernentis
1087 592 1306 677 legem
1370 603 1473 659 est
1532 591 1838 659 doctrina
1898 594 2029 658 ista
2085 594 2289 679 quam
2352 615 2528 659 nunc
2586 593 2799 658 doceo

378 692 813 775 sequendam,
845 714 969 777 pro
1014 694 1257 777 quibus
1299 702 1368 759 et
1420 703 1615 760 tanta
1659 694 1905 760 faciens
1946 696 2409 779 perseueraui;
2460 703 2595 775 aut,
2626 695 2799 760 sicut

377 797 711 875 conuenit,
741 798 907 863 illud
940 800 1120 883 quod
1154 799 1389 864 melius
1421 809 1525 864 est
1557 799 2076 884 praehonoraui!

512 902 1084 983 quemadmodum
1117 924 1276 988 ergo
1307 924 1381 968 es
1409 924 1773 968 conuersus
1800 904 1825 969 ἓ

508 1057 655 1102 cum
683 1059 835 1103 uero
859 1039 1239 1123 complacuit
1263 1040 1329 1104 ei
1351 1040 1471 1124 qui
1502 1062 1606 1105 me
1628 1040 1999 1124 seg-regauit
2034 1060 2115 1103 ex
2140 1049 2320 1104 utero
2347 1038 2589 1104 matris
2617 1058 2796 1102 meae
2869 1044 2899 1109 5

378 1149 444 1203 et
495 1142 755 1206 uocauit
792 1152 918 1224 per
960 1144 1263 1226 gratiam
1319 1164 1528 1219 suam,
1580 1143 1867 1208 reuelare
1902 1143 2136 1228 filium
2186 1164 2382 1207 suum
2434 1143 2506 1207 in
2558 1163 2674 1221 me,
2723 1153 2799 1205 ut

377 1245 808 1328 euangelizem
837 1268 981 1311 eum
1014 1247 1083 1311 in
1101 1246 1421 1329 gentibus.

515 1374 732 1449 †bene
784 1346 952 1439 illud
1000 1377 1090 1441 ad
1138 1376 1645 1460 praescientiam
1699 1373 1924 1440 retulit
1978 1374 2126 1453 Dei,
2178 1384 2254 1439 ut
2301 1384 2370 1440 et
2428 1382 2792 1457 antequam

381 1476 524 1560 ipse
555 1488 747 1555 esset,
782 1480 1119 1544 uideretur
1148 1479 1235 1544 de
1265 1501 1347 1544 eo
1376 1477 1504 1544 hoc
1536 1478 1739 1543 fuisse
1779 1478 2101 1563 placitum
2151 1478 2303 1542 Deo
2332 1495 2350 1555 ;
2395 1485 2795 1560 tantumque

381 1580 643 1646 abesset
697 1592 773 1647 ut
823 1583 1061 1648 leuiter
1118 1585 1386 1648 nouitas
1440 1583 1580 1648 ulla
1641 1592 1762 1648 aut
1812 1582 2160 1647 hominum
2213 1581 2603 1645 adinuentio
2650 1581 2795 1665 ipsa
2830 1589 2906 1637 10

381 1685 877 1751 existimaretur
935 1709 1083 1753 esse
1142 1686 1619 1772 praedicatio.*

1730 1687 2050 1753 miraculo
2110 1687 2392 1772 dignum
2452 1695 2520 1751 et
2580 1685 2794 1749 multa

378 1788 756 1870 praeditum
826 1788 1223 1870 humilitate,
1282 1813 1364 1856 eo
1422 1791 1607 1876 quod
1668 1812 1861 1856 suam
1923 1792 2346 1856 uocationem
2406 1792 2795 1876 simpliciter

381 1888 620 1954 retulit.

732 1901 801 1956 et
847 1893 1120 1976 quidem
1170 1902 1434 1978 poterat
1486 1893 1842 1977 magnifice
1888 1914 2040 1958 eam
2101 1894 2458 1978 explicare,
2517 1915 2790 1959 concur-

380 1993 678 2058 rentibus
737 1996 864 2060 sibi
933 1998 1022 2061 ad
1096 1997 1225 2061 hoc
1284 1998 1608 2081 negotiis;
1677 2019 1758 2062 eo
1816 1996 2001 2081 quod
2060 1998 2148 2062 de
2205 1997 2393 2061 caelo
2459 1997 2587 2061 sibi
2638 2018 2788 2061 cum

379 2105 571 2161 tanta
622 2098 926 2164 claritate
982 2100 1286 2167 Christus
1339 2102 1554 2165 fuerat
1604 2110 1930 2190 ostensus.

509 2212 786 2267 uocatus
817 2224 993 2288 ergo,
1025 2205 1186 2288 quid
1220 2205 1411 2288 egisti
1439 2205 1464 2268 ?

505 2330 735 2393 statim
781 2351 907 2394 non
950 2331 1259 2414 adquieui
1283 2331 1470 2396 carni
1494 2341 1558 2395 et
1582 2330 1897 2414 sang-uini
1911 2354 1942 2406 ,·
1986 2351 2183 2412 neque
2213 2332 2355 2395 abii
2383 2331 2452 2395 in
2483 2331 2568 2394 H
2563 2331 2790 2395 ieroso-

378 2428 608 2494 limam
656 2430 754 2495 ad
776 2442 1208 2514 praecessores
1256 2454 1427 2498 meos
1470 2435 1781 2515 apostolos
1796 2457 1827 2511 ,·
1888 2433 2007 2496 sed
2041 2432 2185 2497 abii
2220 2434 2291 2498 in
2329 2434 2682 2514 Arabiam,
2732 2445 2796 2497 et

379 2532 614 2597 iterum
647 2556 941 2599 reuersus
966 2558 1113 2599 sum
1143 2537 1566 2601 Damascum.

507 2680 522 2706 ‘
544 2674 907 2759 implebam
948 2675 1179 2740 statim
1219 2694 1361 2739 rem
1407 2673 1570 2738 mihi
1605 2673 2058 2752 commissam,
2091 2671 2411 2737 circuiens
2443 2680 2510 2736 et
2541 2670 2788 2735 docens
2816 2684 2901 2732 20

795 2903 812 2925 9
868 2905 884 2927 ἱ
934 2906 951 2930 ἱ
1008 2907 1022 2927 ἱ

376 3010 492 3089 τῆς
534 3007 726 3075 αὐτοῦ
770 3008 1105 3097 ὑπάρξεως
1149 3009 1497 3095 φαίνεσθαι
1543 3013 1637 3098 τῷ
1667 3008 1791 3096 θεῷ
1819 3011 2011 3075 τοῦτο
2043 3007 2432 3092 δεδογμένον·
2476 3014 2790 3077 τοσοῦτον

375 3111 656 3181 ἀποδέον
683 3117 797 3180 τοῦ
828 3114 1175 3196 καινότητα
1206 3112 1373 3182 εἷναί
1398 3142 1544 3183 τινα
1572 3114 1686 3181 καὶ
1716 3111 1967 3200 εὕρεσιν
1994 3110 2353 3198 ἀνθρώπων
2376 3111 2449 3179 τὸ
2472 3111 2785 3200 κήρυγμα.

479 3274 499 3310 1
537 3267 800 3326 spernente
834 3261 945 3325 lege
984 3260 1124 3310 C‘H
1135 3261 1417 3325 spernendo
1439 3262 1600 3325 legem
1630 3261 1675 3309 C
1696 3257 1842 3323 (corr)

828 3358 888 3393 10
920 3343 1092 3392 adesse
1115 3350 1168 3392 ut
1191 3359 1283 3393 nec
1321 3344 1365 3393 C
1384 3344 1450 3392 II
1473 3343 1666 3405 [abesse
1690 3348 1743 3390 ut
1768 3340 1827 3406 g]
1856 3337 1865 3406 Ι
1895 3339 1982 3389 illa
2019 3340 2064 3389 C

380 3346 509 3396 CH

374 3442 432 3476 τι
471 3442 544 3491 sq.
587 3424 742 3476 Coisl.
768 3438 863 3488 ⁴204
897 3424 928 3474 s.
976 3440 1026 3473 11
1054 3425 1210 3486 a[Cr.
1240 3424 1305 3472 vi.
1347 3438 1423 3487 23.
1466 3424 1552 3473 Fr.
1591 3422 1731 3485 ¹24]-

2002 3274 2028 3307 α
2064 3258 2317 3322 sequenda
2345 3260 2388 3308 C
2406 3259 2473 3308 H
2616 3275 2647 3322 9
2682 3276 2788 3309 esse

2391 3355 2443 3390 ιι
2483 3340 2641 3390 multo
2669 3342 2713 3391 C
2730 3343 2798 3390 H

2028 3423 2267 3483 θεόδωρος.
2343 3424 2422 3470 καὶ
2458 3424 2606 3473 ἄλλος
2638 3424 2691 3473 δὲ
2723 3425 2789 3473 εἰς

372 3510 448 3559 τό·
482 3510 565 3558 ὅτε
599 3509 650 3557 δὲ
683 3504 937 3567 εὐδόκησεν
971 3507 997 3556 ὁ
1031 3506 1133 3556 θεὸς
1162 3506 1189 3555 ὀ
1211 3504 1299 3567 ἀφ.
1323 3523 1384 3565 με
1414 3508 1466 3554 ἐκ
1496 3508 1617 3554 κοιλ.
1654 3522 1798 3568 μητρ.
1830 3522 1937 3565 μου,
1967 3507 2131 3565 φησιν’
2170 3507 2345 3563 καλῶς,
2371 3509 2519 3555 κ.τ.λ.

444 3638 485 3675 1.
530 3631 704 3673 utrum
725 3624 993 3688 spernentis
1007 3624 1189 3687 legem..
1201 3623 1528 3687 sequendam]

375 3707 401 3756 Ι
425 3707 552 3756 have
574 3706 816 3756 admitted
839 3706 937 3755 this
959 3706 1276 3756 emendation
1307 3706 1412 3755 into
1443 3707 1528 3755 the

374 3795 494 3846 text,
533 3803 588 3836 as
627 3803 694 3837 on
731 3786 815 3836 the
849 3786 1014 3836 whole
1047 3802 1187 3834 more
1220 3787 1528 3851 satisfactory

372 3871 493 3921 than
517 3870 623 3919 that
647 3870 705 3919 of
724 3868 806 3918 the
831 3869 1013 3918 Corbie
1036 3876 1312 3918 corrector:
1342 3886 1422 3918 see
1445 3886 1525 3918 vv.

370 3952 424 4002 ll.
499 3951 601 4001 For
621 3952 706 4000 the
729 3966 886 4013 sense,
910 3967 959 4000 v,
978 3966 1157 4015 supra:
1196 3953 1343 3999 “non
1367 3950 1527 4014 legem

371 4029 613 4098 spreuit‚”
638 4032 729 4082 διο.

440 4129 486 4178 5.
551 4114 599 4163 ei
616 4115 706 4178 qui
725 4114 1018 4178 mesegrcg]
1062 4112 1205 4163 Th.'s
1235 4121 1337 4164 text
1368 4130 1526 4164 seems

371 4204 460 4246 not
499 4202 553 4245 to
586 4195 716 4244 have
759 4195 1002 4244 admitted
1043 4196 1127 4245 the
1166 4196 1300 4260 gloss
1340 4196 1366 4245 ὁ
1405 4198 1525 4246 θεός.

373 4278 423 4328 It
445 4279 488 4326 is
511 4276 664 4326 found
687 4276 737 4324 in
762 4276 915 4326 Thdt.
945 4276 1079 4326 adh.
1109 4278 1145 4326 l.

436 4360 481 4411 6.
554 4361 766 4409 reuelare
861 4367 921 4409 ut
955 4360 1290 4424 euangoelizem]
1342 4362 1522 4424 Comp.

370 4442 456 4491 the
491 4440 589 4489 less
626 4440 816 4505 precise
855 4441 1118 4504 rendering
1150 4441 1209 4489 of
1235 4441 1318 4492 the
1354 4441 1525 4505 Vulg„

376 4527 390 4550 ⁸
400 4526 414 4550 ‘
428 4532 481 4573 ut
504 4523 764 4575 reuelaret.
775 4563 785 4573 .
797 4532 868 4573 ‚ut
890 4523 1329 4586 euangelizarem.”

1697 3634 1771 3684 17.
1838 3638 1990 3687 neque
2030 3622 2159 3683 abii]
2212 3625 2320 3672 οὐδὲ
2365 3625 2601 3684 ἀπῆλθον.
2673 3625 2786 3674 'Hie

1625 3707 1777 3771 Vulg.
1806 3714 2085 3771 represents
2120 3708 2340 3767 ἀνῆλθον,
2378 3709 2476 3757 and
2512 3708 2611 3757 this
2642 3712 2783 3758 read·

1622 3789 1712 3852 ing
1733 3789 1775 3838 is
1801 3788 1954 3837 found
1979 3789 2029 3836 in
2056 3788 2231 3852 Chrys.
2259 3790 2358 3838 and
2383 3789 2538 3839 Thdt.

1690 3882 1769 3916 20.
1815 3867 2052 3916 circuiens
2062 3874 2107 3916 ct
2119 3868 2308 3929 docens]
2332 3868 2621 3919 Theodoret
2637 3870 2782 3919 takes

1624 3950 1710 3999 the
1734 3966 1870 3999 same
1892 3950 2019 3998 view
2041 3949 2100 3999 os
2115 3950 2199 3999 the
2224 3951 2448 3998 Arabian
2473 3951 2615 3999 visit:
2651 3950 2783 4001 εὐθὺς

1620 4032 1710 4082 τοῦ
1742 4031 2044 4094 κηρύγματος
2078 4030 2295 4094 ἡψάμην,
2333 4034 2433 4081 τοῖς
2459 4034 2659 4091 μηδέπω
2695 4036 2783 4092 τῆς

1625 4117 1916 4177 θεογνωσίας
1937 4117 2209 4175 ἠξιωμένοις
2232 4117 2520 4176 προσφέρων
2548 4117 2606 4164 τό
2641 4114 2781 4177 εὐαγ-

1620 4199 1803 4261 γέλιον.
1905 4198 2084 4261 Comp.
2153 4197 2349 4260 Chrys.,
2422 4198 2512 4258 ὅρα
2581 4198 2782 4254 ζέουσαν

1625 4280 1806 4341 ψυχήν·
1855 4280 1966 4329 τοὺς
1997 4277 2173 4328 τόπους
2205 4277 2498 4341 ἐσπούδαζεν
2530 4282 2778 4338 καταλαμ-

1619 4360 1788 4426 βάνειν
1820 4363 1929 4412 τοὺς
1965 4363 2151 4411 οὐδέπω
2184 4362 2564 4423 γεωργηθέντας.
2634 4362 2779 4413 With

1621 4445 1799 4508 regard
1845 4451 1897 4494 to
1938 4442 2021 4493 the
2063 4442 2281 4506 locality,
2331 4457 2414 4492 see
2458 4440 2602 4493 Th,’s
2644 4458 2780 4492 com-

1623 4530 1761 4573 ment
1796 4539 1862 4572 on
1898 4524 2011 4573 Gal.
2057 4523 2120 4574 iv.
2161 4536 2236 4584 25.

2825 2105 2895 2170 15
