3293 5233
305 392 424 458 VI.
466 407 561 476 ις,
605 394 725 487 16]
1102 408 1185 460 IN
1235 409 1340 460 ΕΡ.
1385 408 1491 460 AD
1536 409 1898 463 GALATAS.
2604 408 2727 477 ιο)

435 600 546 642 nec
581 579 754 644 enim
790 578 1185 644 circumcisio
1226 579 1490 662 aliquid
1525 578 1703 645 ualet
1744 599 1940 664 neque
1949 578 2386 663 praeputium,
2416 572 2535 643 sed
2556 596 2726 642 noua

304 691 620 746 creatura.

438 809 453 834 ⁸
480 799 749 865 Christo
779 802 957 865 enim
1003 800 1231 865 omnia
1269 811 1636 865 renouante
1679 823 1798 885 per
1837 822 2030 866 suum
2078 802 2465 879 aduentum,
2505 801 2725 865 omnis

302 907 517 963 status
572 923 884 985 praesens
946 903 1078 967 iam
1141 904 1403 967 uidetur
1450 925 1594 967 esse
1646 904 1935 982 solutus;
1999 906 2091 969 ita
2141 914 2214 969 ut
2262 926 2385 968 nec
2430 904 2723 987 aliquem

307 1001 527 1066 locum
573 1007 787 1086 possit
832 1004 1077 1085 habere
1123 1027 1412 1070 examen
1460 1008 1973 1072 circumcisionis
2017 1017 2083 1072 et
2116 1009 2459 1092 praeputii.
2551 1029 2723 1092 quae
2800 1016 2831 1083 5

309 1106 487 1169 enim
522 1117 588 1170 et
621 1108 760 1171 fieri
795 1110 1040 1192 poterit
1072 1109 1384 1172 discretio
1416 1111 1480 1172 in
1515 1110 1854 1175 inmortali
1884 1112 2166 1175 natura?
2258 1113 2343 1177 ad
2378 1113 2492 1177 illa
2524 1113 2725 1196 igitur

305 1213 629 1294 inspicio:
674 1212 856 1276 illam
901 1234 1027 1296 ego
1081 1213 1780 1296 incorruptibilitatem
1830 1223 1898 1278 et
1946 1214 2496 1280 inmortalitatem
2551 1238 2723 1299 quae

304 1322 464 1378 tunc
505 1316 628 1380 erit
676 1315 1041 1393 consider0‚
1098 1317 1369 1398 quando
1416 1326 1484 1380 et
1546 1319 1846 1381 omniurn
1898 1318 2158 1382 illorum
2214 1340 2386 1401 quae
2448 1320 2515 1383 in
2576 1319 2723 1402 lege

306 1431 657 1502 sperantur
703 1421 828 1483 erit
881 1421 1242 1484 renouatio,
1330 1420 1495 1485 haec
1548 1422 1726 1483 enirn
1783 1422 1973 1486 nobis
2029 1422 2329 1487 Christus
2377 1444 2493 1504 per
2531 1443 2719 1487 suam

305 1525 599 1607 prouidit
651 1543 956 1600 crucem;
1020 1525 1085 1588 in
1140 1545 1274 1607 qua
1314 1524 1515 1588 etiam
1572 1545 1818 1606 magna
1861 1545 2124 1608 semper
2161 1535 2541 1608 superoptO,
2588 1547 2721 1590 non
2761 1538 2840 1586 10

305 1625 486 1688 illam
543 1625 1033 1707 ignobilitatem
1087 1647 1261 1709 quae
1311 1627 1574 1689 uidetur
1627 1628 1943 1703 erubesci,
1988 1628 2105 1691 sed
2153 1628 2268 1691 illa
2319 1627 2500 1692 lucra
2551 1649 2723 1711 quae

304 1726 554 1790 exinde
634 1729 1088 1792 adnascuntur
1159 1727 1619 1793 considerans!
1726 1739 1794 1794 et
1862 1730 2204 1795 confidens
2280 1731 2725 1814 magnitudini

305 1846 545 1908 rerum,
577 1828 820 1893 adicit:

431 1972 497 2025 et
520 1964 898 2047 quicumque
926 1965 1215 2048 regulam
1255 1964 1424 2028 lianc
1448 1975 1791 2043 sectantur,
1805 1977 1948 2048 pax
1971 1977 2162 2048 super
2198 1967 2343 2030 illos
2381 1977 2446 2031 et
2471 1967 2724 2031 miseri-

300 2069 539 2143 cordia,
570 2078 633 2132 et
658 2081 848 2151 super
876 2069 1094 2132 Israel
1116 2070 1265 2132 Dei.
2762 2077 2832 2146 15

433 2192 584 2275 †ut
637 2195 818 2260 dicat
877 2197 1197 2278 quoniam
1243 2202 1513 2259 ‘omnes
1559 2205 1894 2280 quotquot
1952 2199 2321 2262 secundum
2385 2198 2513 2261 ista
2573 2218 2725 2281 pro·

304 2303 597 2383 positum
644 2302 913 2375 habent,
944 2300 1058 2364 illa
1090 2301 1267 2364 bona
1315 2300 1616 2364 fruantur
1662 2321 1836 2383 quae
1880 2300 1967 2364 ab
2012 2323 2093 2365 eo
2133 2301 2324 2365 sunt!
2416 2301 2721 2384 ‘pacem’

304 2401 577 2483 quidem
632 2405 877 2478 dicenS,
932 2423 1013 2465 eo
1067 2404 1247 2483 quod
1310 2411 1472 2465 tunc
1533 2405 1751 2466 omnis
1811 2402 2134 2465 dissensio
2193 2403 2599 2466 dissoluetur
2656 2413 2725 2468 et

304 2504 523 2568 omnis
566 2507 837 2570 tristitia
884 2515 1046 2569 tunc
1092 2506 1219 2568 erit
1264 2504 1558 2568 exclusa.
1631 2504 2226 2567 ‘misericordiam’
2258 2513 2484 2567 autem
2532 2504 2727 2581 dixit,

305 2611 622 2691 quoniam
672 2620 834 2675 tunc
882 2609 1075 2673 nobis
1128 2609 1356 2673 omnia
1416 2609 1595 2672 bona
1655 2607 2031 2671 tribuentur
2078 2607 2221 2671 sola
2274 2607 2414 2671 eius
2476 2607 2725 2672 miseri·
2753 2624 2841 2672 20

305 2724 549 2786 cordia.
637 2719 855 2783 simile
916 2728 1143 2780 autem
1205 2724 1307 2780 est
1367 2716 1460 2779 illi
1536 2716 1814 2779 dictioni
1875 2724 1942 2779 et
2018 2714 2182 2777 illud
2245 2715 2427 2796 quod
2504 2714 2727 2778 dixit:

290 2822 524 2906 gratia
566 2819 747 2883 uobis
784 2828 847 2881 et
881 2829 1036 2901 pax,
1070 2818 1251 2900 quod
1298 2826 1364 2881 et
1415 2820 1480 2879 in
1514 2816 1825 2880 omnibus
1857 2817 2208 2898 anteponit
2257 2816 2595 2898 epistolis;
2644 2838 2726 2881 eo

302 2925 481 3008 quod
531 2943 654 2987 nec
697 2921 990 3004 aliquam
1037 2920 1239 2984 habet
1277 2919 1719 2983 differentiam
1761 2922 2127 2983 secundum
2171 2919 2725 3003 significationem

433 3103 538 3171 ἵνα
576 3104 727 3189 εἴπῃ
757 3102 860 3169 ὅτι
888 3101 1126 3173 πάντες
1154 3101 1219 3167 οἱ
1245 3103 1414 3168 κατὰ
1446 3108 1653 3168 ταῦτα,
1682 3100 2115 3189 προῃρημένοι
2142 3098 2578 3187 τυγχάνουσιν
2600 3103 2727 3165 τῶν

300 3204 455 3288 παρ’
487 3204 685 3273 αὑτοῦ
715 3209 951 3271 καλῶν·
982 3206 1096 3285 τὴν
1123 3206 1242 3286 μὲν
1282 3204 1581 3291 εἰρήνην
1621 3202 1834 3280 εἰπών,
1870 3202 1953 3274 ὥς
1993 3201 2074 3267 ἂν
2118 3199 2269 3268 τότε
2309 3201 2529 3283 πάσης
2572 3209 2722 3267 λυο-
2751 3219 2831 3289 25

297 3308 491 3392 μένης
521 3308 947 3379 διαστάσεως·
990 3307 1065 3375 τὸ
1106 3308 1174 3374 δὲ
1222 3308 1445 3387 ἔλεος,
1480 3307 1700 3388 ἐπειδὴ
1753 3305 2223 3395 φιλανθρωπίᾳ
2246 3303 2529 3373 ’ἅπαντα
2575 3303 2726 3388 ἡμῖν

402 3492 423 3526 1
461 3476 514 3525 in
539 3477 738 3526 Christo
761 3475 895 3525 enirn
920 3476 1034 3525 Iesu
1061 3476 1263 3541 (befnec
1287 3476 1442 3536 enim)
1466 3476 1570 3525 add
1591 3476 1635 3526 C
1654 3477 1722 3525 II
1742 3474 1749 3538 Ι
1777 3475 1911 3525 enim
1935 3480 1988 3524 2⁰
2009 3490 2087 3523 om
2117 3475 2159 3523 C
2180 3471 2323 3538 (corr)
2563 3472 2595 3522 6
2629 3472 2724 3523 etsi

300 3559 417 3621 (fhr
438 3562 508 3618 et)
535 3558 602 3606 H
761 3573 819 3609 10
852 3558 969 3622 quia
995 3557 1091 3622 (ast
1113 3556 1229 3622 qua)
1254 3559 1359 3606 add
1375 3559 1442 3606 H
1633 3571 1689 3620 15
1726 3565 1774 3605 et
1798 3572 1945 3620 super
1969 3557 2124 3605 Israel
2147 3572 2224 3604 om
2247 3555 2316 3604 II
2486 3553 2544 3605 16
2578 3556 2725 3604 istam

303 3639 445 3689 C*H
480 3640 628 3688 istum
671 3637 766 3702 (om
811 3640 1100 3701 secundum)
1143 3641 1187 3688 C
1226 3637 1372 3702 (corr)
1570 3651 1627 3687 ἰι
1669 3637 1817 3687 simili
1853 3645 1926 3686 est
1960 3647 2129 3686 autem
2162 3637 2230 3685 H
2415 3651 2441 3685 ⁴2
2450 3652 2477 3699 3
2512 3652 2605 3685 nec
2630 3636 2728 3700 (ast

297 3721 452 3784 quod)
475 3736 552 3768 om
583 3721 626 3770 C
752 3720 902 3768 aliam
929 3721 1032 3784 (bgf
1041 3717 1276 3784 aliquam)
1301 3720 1408 3768 add
1423 3715 1517 3782 [ΙἸ
1545 3719 1759 3768 secunde
1788 3717 1857 3768 C*
2048 3732 2111 3778 24
2135 3732 2209 3780 sq.
2238 3716 2391 3765 Coisl.
2419 3732 2530 3781 204,
2558 3717 2589 3766 s.
2613 3717 2675 3778 46
2692 3732 2725 3766 a

296 3802 401 3863 [Cr.
425 3802 489 3850 vi.
515 3802 600 3864 93]
625 3802 858 3863 θεοδώρου
882 3800 1000 3859 (om.
1031 3802 1158 3865 Cn).
1231 3801 1376 3851 ἄλλος
1410 3797 1463 3849 δὲ
1496 3799 1585 3850 ὦδε
1617 3801 1770 3863 λέγει·
1805 3800 1888 3849 καὶ
1921 3798 2025 3848 ὅσοι
2056 3795 2125 3860 rap*
2155 3798 2321 3847 κανόνι
2346 3796 2501 3861 τούτῳ
2523 3798 2722 3861 στοιχῆ·

296 3895 486 3932 σονσιν·
510 3882 586 3930 ἵνα
609 3882 741 3943 εἴπῃ,
765 3884 912 3930 κ.τ.λ.

369 4020 413 4055 1.
481 4021 567 4053 nec
597 4005 744 4063 enim,
785 4005 899 4065 διε-1
961 4005 1032 4055 So
1069 4006 1246 4069 Chrys.
1283 4006 1454 4055 reads:
1627 4017 1702 4063 ¹4.
1773 4001 2053 4064 sectantur]
2085 3999 2368 4062 στοιχοῦσιν
2394 3999 2720 4064 apparently3

298 4088 410 4135 οὔτε
445 4087 544 4146 γὰρ
583 4088 819 4147 περιτομή
858 4104 905 4135 τι
943 4088 1120 4147 ἰσχύει.
1198 4088 1328 4136 Both
1368 4103 1460 4136 our
1557 4101 1639 4134 see
1663 4085 1894 4134 however
1918 4086 2001 4134 the
2031 4085 2217 4134 textual
2249 4089 2367 4133 note
2389 4083 2548 4130 above
2574 4082 2627 4144 (1.
2657 4096 2719 4143 ²4

297 4170 456 4219 MSS.
494 4169 652 4233 prefix
696 4169 753 4217 in
799 4169 914 4218 Clzr.
952 4169 1083 4217 enim
1122 4170 1198 4228 J.;
1243 4171 1331 4218 but
1372 4170 1457 4218 the
1558 4166 1677 4231 sq.).

295 4251 544 4301 retention
569 4250 627 4298 of
640 4250 770 4298 enine
789 4250 913 4300 after
933 4267 1018 4298 nec
1033 4252 1100 4314 by
1124 4252 1166 4299 C
1175 4251 1199 4276 ⁴*
1218 4253 1283 4300 H
1296 4252 1457 4300 shews
1631 4262 1704 4312 17.
1760 4248 2045 4314 fruantur]
2122 4249 2220 4298 Th.
2272 4245 2474 4310 regards
2529 4245 2714 4307 εἰρήνη,

295 4333 404 4382 that
429 4333 567 4381 these
596 4333 759 4381 words
791 4333 919 4381 have
952 4341 1090 4396 crept
1125 4333 1176 4382 in
1211 4333 1337 4382 from
1372 4334 1458 4384 the
1561 4336 1706 4382 κ.τ.λ.
1772 4348 1828 4381 as
1889 4348 1920 4381 a
1975 4333 2156 4396 simple
2223 4331 2538 4380 affirmation.
2632 4329 2717 4379 On

296 4415 510 4478 margin.
1559 4414 1644 4463 the
1685 4422 1916 4476 contrary
1950 4412 2107 4462 Thdt.
2146 4428 2288 4476 saysz
2341 4408 2586 4470 ἐπηύξατο
2628 4410 2718 4458 τὸν

365 4511 442 4544 ro.
497 4494 766 4560 supe-rapto]
809 4494 1123 4560 Apparently
1146 4512 1210 4545 an
1234 4495 1320 4544 ἅτ.
1344 4497 1454 4557 λεγ.
1562 4495 1716 4541 ἔλεον.
