3293 5233
529 344 650 409 124
1171 341 1626 395 THEoDonus
1676 341 2263 394 MoPsUEsTENUS
2767 327 2846 412 [Ι.
2885 341 2941 409 5.

520 511 669 575 liter
704 509 883 574 enim
930 520 998 575 et
1040 509 1169 574 hoc
1211 511 1529 594 superiori
1561 511 1782 575 sensui
1815 530 2198 574 connexum
2230 531 2374 574 esse
2407 509 2688 576 uidetur.
2778 531 2939 575 nam

520 612 800 676 alterum
833 611 1111 689 illorum,
1144 613 1213 676 id
1259 622 1377 689 est,
1421 622 1691 688 sancte-5,
1733 622 1797 676 et
1837 623 1914 676 ut
1936 613 2078 676 sint
2106 612 2527 689 immaculati,
2557 614 2763 677 etiam
2796 613 2944 677 sola

521 724 744 795 potest
802 715 1020 795 gratia
1069 714 1420 777 tribuentis
1465 716 1745 780 ostendi.
1833 711 2044 795 †nam
2105 714 2388 778 filiorum
2449 715 2727 797 adoptio
2787 736 2942 798 pro-

521 817 912 899 pinquitatis
965 837 1281 899 magnam
1337 818 1634 883 uindicat
1686 817 2198 897 ostensionem*‚
2251 839 2453 901 quam
2508 828 2577 883 et
2636 821 2939 883 omnium

456 929 488 992 5
521 920 845 982 bonorum
879 920 1174 1002 sequitur
1203 921 1411 1002 copia.
1501 942 1634 1003 quo
1666 922 1843 985 enim
1877 925 2123 1005 poterit
2154 923 2441 986 fraudari
2472 924 2653 987 bono
2685 923 2794 987 ille
2824 923 2940 1006 qui

520 1022 725 1086 semel
759 1023 824 1086 in
857 1023 1158 1085 ordinem
1190 1022 1305 1085 filii
1337 1024 1534 1088 fuerit
1565 1025 1825 1089 factus?
1869 1025 1998 1089 hoc
2035 1028 2213 1091 enim
2260 1028 2479 1092 uoluit
2508 1030 2742 1106 dicere,
2775 1050 2942 1111 quo-

522 1124 702 1188 niam
742 1125 932 1207 elegit
970 1146 1084 1187 nos
1118 1144 1254 1188 non·
1289 1125 1592 1190 absolute
1622 1128 1739 1190 sed
1774 1127 1845 1190 in
1874 1129 2153 1192 caritate
2168 1153 2199 1204 ,·
2257 1140 2325 1192 et
2365 1132 2660 1194 ostendit
2689 1141 2944 1193 sanctos

521 1235 584 1288 et
624 1225 1072 1289 immaculatos
1111 1227 1361 1289 faciens
1402 1238 1873 1292 nos—tantam
1930 1231 2122 1293 nobis
2176 1231 2260 1293 ad
2313 1230 2499 1293 illum
2554 1232 2939 1313 propinqui-

522 1337 731 1391 tatem
774 1330 1069 1393 donauit.
1173 1332 1427 1412 optime
1480 1342 1704 1395 autem
1755 1353 2133 1396 memorans
2168 1334 2472 1416 filiorum
2522 1333 2935 1415 adoptionem,

421 1448 500 1495 10
524 1433 949 1496 coniunxisse
982 1432 1110 1496 illis
1140 1435 1319 1497 uisus
1351 1445 1451 1498 est
1465 1445 1591 1516 per
1616 1434 1833 1499 Iesum
1865 1436 2238 1511 Christum,·
2281 1458 2361 1500 eo
2392 1439 2571 1519 quod
2605 1459 2722 1520 per
2752 1438 2936 1501 illum

524 1536 716 1599 nobis
749 1536 1160 1617 regeneratio
1189 1556 1453 1619 quoque
1491 1548 1559 1601 et
1598 1528 1886 1620 Spiritus
1918 1540 2298 1622 adoptionis
2336 1538 2618 1603 filiorum
2652 1541 2939 1603 donatus

525 1662 669 1704 esse
711 1642 990 1705 uidetur.
1071 1663 1226 1705 nam
1279 1644 1457 1724 quod
1496 1643 1675 1705 dixit
1716 1643 1788 1704 in
1828 1643 2057 1723 ipsum,
2105 1646 2190 1707 de
2224 1644 2373 1707 Deo
2404 1645 2610 1721 dixit;
2655 1644 2786 1707 hoc
2817 1654 2936 1716 est,

528 1750 543 1776 ‘
564 1755 636 1809 ut
667 1745 806 1807 eius
837 1746 1094 1808 dicatur
1126 1744 1331 1810 filius?
1420 1746 1735 1828 quoniam
1769 1767 1928 1828 ergo
1959 1749 2166 1811 dixit:
2196 1749 2680 1829 praeordinans
2718 1770 2834 1812 nos
2870 1749 2941 1812 in

505 1847 810 1930 filiorum
840 1846 1255 1928 adoptionem,
1293 1848 1614 1911 incertum
1648 1858 1871 1911 autem
1905 1858 2046 1911 erat
2078 1850 2262 1911 cuius
2292 1850 2544 1913 diceret
2584 1849 2755 1913 filios
2798 1870 2941 1913 esse

422 1966 494 2031 15
527 1949 914 2031 adoptiuos;
964 1949 1206 2011 adiecit
1234 1946 1359 2028 †z'n
1400 1950 1627 2030 zpsum,
1662 1948 1790 2011 hoc
1819 1959 1936 2024 est,
1973 1950 2075 2011 ‘in
2106 1951 2205 2011 sui
2239 1951 2481 2031 ipsiu5,’
2514 1962 2588 2015 ut
2621 1952 2794 2014 illius
2826 1950 2941 2013 filii

525 2060 595 2113 et
633 2051 935 2113 dicamur
965 2058 1032 2111 et
1062 2047 1578 2130 nuncupemurst*

658 2161 725 2213 et
755 2152 991 2213 iterum
1025 2169 1292 2231 augenS,
1325 2149 1489 2212 illud
1522 2150 1727 2213 dicit:

652 2297 995 2359 secundum
1027 2295 1257 2359 bonum
1273 2297 1596 2378 placitum
1626 2296 1988 2359 uoluntatis
2013 2295 2166 2359 eius.

651 2411 780 2493 †ut
822 2414 1002 2477 dicat
1032 2416 1348 2496 quoniam
1383 2413 1612 2478 ‘ualde
1645 2415 1893 2497 placita
1926 2412 2191 2478 suerunt
2222 2414 2299 2490 ei,
2331 2424 2404 2477 ut
2443 2413 2570 2476 ista
2611 2433 2769 2496 erga
2815 2433 2938 2476 nos

418 2539 504 2587 20
528 2518 897 2595 ordinaret3
941 2527 1007 2581 et
1030 2515 1226 2580 ualde
1259 2518 1469 2581 uoluit
1501 2518 1567 2580 in
1599 2517 1703 2579 his
1735 2538 1857 2580 nos
1889 2517 2244 2599 participes
2278 2516 2455 2581 fieri?
2545 2516 2719 2579 sicut
2759 2517 2939 2579 enim

527 2619 671 2685 sola
702 2622 921 2704 specie
950 2621 1307 2704 gratiarum
1341 2622 1619 2685 actionis
1653 2621 1767 2684 illa
1808 2622 2053 2696 dicenS,
2084 2622 2267 2683 omni
2312 2643 2399 2683 ex
2443 2629 2629 2703 parte
2673 2620 2943 2684 auxisse

530 2726 792 2810 uidetur
865 2725 1187 2789 factorum
1248 2725 1529 2807 gratiam
1593 2725 2055 2807 magnitudine
2117 2723 2397 2788 rerum*
2516 2722 2649 2788 tale
2713 2734 2815 2787 est
2876 2736 2945 2790 et

661 2915 1047 2997 οἰκειότητος
1074 2916 1199 3002 ’γὰρ
1231 2916 1561 3000 ἀπόδειξιν
1590 2917 1733 3004 ἔχει
1763 2921 1973 2982 ταῦτα
2003 2916 2335 3000 μεγίστην.

662 3021 739 3087 τὸ
769 3020 839 3087 δὲ
869 3021 951 3086 eie
982 3023 1198 3095 NJ‘ssdn·
1232 3019 1337 3085 ἵνα
1365 3019 1570 3085 αὐτοῦ
1601 3020 1727 3085 υἱοὶ
1756 3017 2102 3102 λεγώμεθα
2129 3045 2201 3085 τε
2231 3020 2341 3084 καὶ
2371 3019 2887 3109 χρηματίζωμεν.

422 3142 500 3208 25
659 3123 767 3190 ἵνα
799 3126 949 3208 εἴπῃ
971 3123 1077 3189 ’ὅτι
1107 3121 1365 3207 σφόδρα
1393 3121 1621 3206 ἤρεσεν
1659 3121 1841 3210 αὐτῷ
1881 3127 2090 3189 ταῦτα
2134 3122 2289 3208 περὶ
2331 3122 2500 3205 ἡμᾶς
2545 3123 2949 3210 διαπράξασ-

535 3229 667 3294 θαι·
715 3227 801 3297 ὥς
843 3227 968 3313 ’γὰρ
1015 3228 1080 3291 ἐν
1124 3225 1546 3315 εὐχαριστίας
1589 3219 2034 3313 προσχήματι
2062 3226 2276 3307 λέγων
2322 3225 2501 3303 αὐτά,
2533 3225 2951 3315 πανταχόθεν

535 3332 710 3414 αὔξει
740 3333 871 3395 τῶν
897 3330 1255 3413 «γεγονότων
1284 3328 1402 3409 τὴν
1431 3326 1636 3416 χάριν
1668 3331 1762 3414 τῷ
1791 3328 2052 3411 μενγὲθει
2083 3330 2212 3393 τῶν
2239 3327 2658 3413 πραγμάτων.

639 3498 658 3530 1
696 3496 842 3530 sensu
867 3481 934 3529 H
1102 3496 1127 3529 2
1163 3480 1398 3530 sanctitas
1426 3480 1468 3529 C
1487 3480 1654 3532 §citios
1676 3477 1778 3544 (sic)
1805 3481 1871 3529 H
2064 3497 2110 3543 5,
2137 3478 2167 3528 6
2201 3479 2332 3529 enim
2356 3497 2433 3528 om
2463 3482 2508 3529 C
2708 3494 2766 3529 ιο
2800 3479 2873 3528 illi
2895 3480 2963 3527 H

542 3575 599 3625 15
625 3563 733 3625 ipsa
758 3561 870 3624 (sor
891 3561 943 3610 in
965 3559 1148 3625 ipsum)
1172 3562 1238 3610 H
1362 3565 1420 3611 18
1454 3565 1763 3612 uoluntatem
1793 3561 1862 3610 C·
1999 3577 2059 3610 αα
2095 3563 2255 3625 gratia
2279 3563 2342 3610 H
2365 3560 2372 3624 Ι
2400 3561 2794 3625 magnitudinem
2822 3559 2893 3609 C·
2898 3562 2962 3609 H

541 3662 602 3706 24
625 3643 888 3705 λεγοίμεθα
910 3645 1023 3692 cod.
1048 3644 1148 3693 and
1172 3644 1288 3692 edd.
1522 3661 1582 3709 25
1608 3661 1683 3710 sq.
1724 3645 1882 3695 Coisl.
1909 3659 2004 3706 204
2027 3645 2061 3693 s.
2086 3660 2141 3708 5¹
2171 3662 2201 3693 a
2224 3647 2331 3707 [Cr.
2357 3646 2423 3694 vi.
2456 3648 2560 3704 108,
2592 3646 2676 3693 Fr.
2708 3645 2820 3708 131]
2846 3644 2949 3692 θεό-

538 3728 682 3790 δωρος
705 3726 756 3774 δέ
787 3731 949 3786 φησιν·
986 3725 1061 3773 ἵνα
1090 3725 1222 3786 εἴπῃ,
1251 3728 1410 3776 κ.τ.λ.

538 3859 674 3923 quod
718 3858 840 3906 dicit
879 3857 1112 3920 filiorum
1167 3859 1468 3921 adoptionem
1525 3860 1590 3908 ab
1635 3874 1697 3908 eo
1862 3875 1940 3909 20.
2012 3858 2137 3907 sicut
2163 3859 2293 3907 enim
2324 3859 2440 3917 sola,
2473 3857 2590 3918 δια]
2659 3856 2955 3906 Condensed

538 3941 675 4005 quod
698 3940 888 3988 dixerat
909 3946 1097 3988 sanctos
1115 3946 1162 3988 ct
1183 3939 1575 3990 immaculatos.’'
1796 3942 1864 4005 by
1889 3939 2137 3989 Lanfranc
2165 3940 2265 3988 and
2300 3941 2487 3988 Robert
2520 3939 2580 3987 of
2604 3939 2697 3986 B.:
2733 3938 2957 3987 “uolens

610 4039 686 4087 13.
735 4023 968 4087 quoniam
983 4024 1521 4087 ergo...nuncupemur]
1546 4023 1697 4072 Cited
1796 4038 1857 4071 ex
1891 4021 2027 4070 omni
2061 4029 2200 4085 parte
2235 4020 2326 4069 ista
2360 4020 2598 4070 extollere
2632 4020 2766 4083 quod
2806 4018 2958 4081 digna

537 4105 606 4166 by
652 4104 914 4161 Lansranc,
958 4103 1079 4152 with
1123 4120 1154 4152 a
1197 4104 1293 4152 sew
1338 4104 1507 4153 verbal
1545 4104 1695 4154 omis·
1796 4111 1911 4152 sunt
1942 4102 2277 4164 [ῆι-1111111118]
2316 4102 2586 4164 gratiarum
2616 4101 2828 4157 actione,
2866 4097 2958 4148 fre·

537 4185 688 4235 sions.
1220 4217 1232 4225 -
1796 4193 2004 4248 quenter
2028 4184 2148 4232 dicit
2182 4183 2665 4246 praeordinationem
2695 4181 2806 4244 [per
2827 4179 2958 4228 ordi·

609 4279 682 4326 15.
753 4265 840 4314 hoc
860 4272 942 4326 est,
970 4264 1026 4313 in
1048 4265 1134 4313 sui
1154 4265 1327 4330 szsius]
1383 4266 1569 4315 Thdt.:
1607 4263 1694 4314 τὸν
1795 4267 2050 4313 nationem
2074 4265 2117 4312 L
2154 4261 2295 4326 (ed.)]
2327 4261 2851 4326 [praedestinationem
2886 4258 2958 4319 R]

539 4348 726 4407 πατέρα
761 4348 912 4407 λέγει·
956 4349 1060 4396 ἀντὶ
1100 4348 1205 4397 τοῦ·
1272 4350 1350 4397 ἵνα
1394 4345 1536 4397 αὑτοῦ
1575 4365 1693 4409 χρη·
1795 4353 1846 4395 et
1882 4347 2072 4394 bonurn
2108 4345 2348 4408 placitum
2380 4346 2515 4406 [ψεῖ
2546 4343 2856 4409 propositum
2887 4342 2958 4403 R]

537 4426 801 4485 ματίζωμεν
824 4428 926 4477 υἱοί.
1399 4462 1404 4466 ·
1796 4434 1843 4476 et
1869 4425 2173 4474 uoluntatem
2199 4425 2332 4486 [ψεῖ
2357 4424 2618 4475 consilium
2643 4420 2761 4483 R].”
