3293 5233
347 392 476 456 111.
518 393 635 477 18.]
974 364 982 369 ’
1150 410 1230 459 m
1282 411 1387 462 ΕΡ.
1431 412 1533 462 An
1580 412 1934 463 GALATAS.
2669 407 2749 472 45

343 574 828 654 adscribimus;
874 587 943 642 et
990 577 1174 642 illam
1229 579 1787 657 benedictionem,
1831 601 2006 662 quae
2056 601 2098 644 a
2145 580 2296 644 Deo
2342 587 2463 653 est,
2510 598 2757 660 expec-

343 685 579 741 tamus,
670 677 928 742 hancne
960 680 1214 744 euoluit
1243 680 1377 758 lex,
1410 703 1584 766 quae
1615 690 1771 764 post
1802 691 1995 746 tanto
2026 690 2329 764 tempore
2358 678 2539 743 sacta
2570 688 2671 742 est
2694 679 2717 743 ?
2738 679 2753 705 ⁹

343 786 410 841 et
457 781 817 843 ostendens
866 783 1184 864 quoniam
1238 783 1606 847 secundum
1663 783 1881 867 legem
1934 783 2158 847 uiuere
2196 779 2604 847 contrarium
2651 788 2753 845 est

342 881 436 945 illi
468 883 908 965 promissioni,
938 907 1113 968 quae
1142 885 1228 950 ad
1260 885 1611 951 Abraham
1643 885 1824 951 facta
1853 896 1974 963 est,
2005 886 2289 951 adiecit:

470 1016 539 1080 si
588 1018 763 1082 enim
819 1040 899 1082 ex
952 1020 1086 1101 lege
1139 1029 1236 1083 est
1282 1019 1622 1097 hereditas,
1673 1021 1810 1084 iam
1871 1041 1997 1083 non
2048 1030 2144 1084 est
2187 1041 2266 1084 a
2305 1019 2746 1102 promissione.
2824 1045 2856 1110 5

341 1121 402 1184 A
414 1121 655 1186 brahae
681 1145 830 1187 uero
844 1134 970 1205 per
997 1124 1542 1206 repromissionem
1573 1124 1850 1188 donauit
1875 1125 2074 1189 Deus.

474 1244 694 1312 †‘uox
754 1241 867 1305 illa
919 1262 1093 1325 quae
1153 1242 1328 1307 facta
1389 1252 1491 1307 est
1550 1243 1638 1307 ad
1699 1242 2051 1307 Abraham
2111 1242 2571 1326 promissionis
2646 1252 2749 1306 est

344 1339 635 1425 (inquit),
666 1364 841 1426 quae
889 1346 1080 1427 quasi
1133 1365 1450 1427 magnum
1494 1345 1747 1428 aliquid
1791 1347 2042 1410 donare
2087 1349 2148 1411 ei
2192 1347 2543 1441 promittit.
2633 1346 2746 1410 lex

341 1453 569 1508 autem
601 1447 1052 1529 integritatem
1099 1448 1278 1511 uitae
1319 1450 1549 1532 exigit,
1582 1457 1651 1511 et
1682 1457 1841 1512 tunc
1870 1450 2005 1512 'dat
2037 1449 2428 1513 mercedem.
2520 1449 2747 1531 itaque

340 1549 396 1610 si
428 1569 515 1612 ex
547 1549 696 1633 lege
726 1549 889 1613 haec
929 1551 1073 1614 dari
1112 1552 1304 1614 nobis
1357 1562 1813 1633 expectamuS,
1848 1549 2185 1634 superflua
2225 1560 2328 1614 est
2372 1551 2743 1633 promissiO.
2783 1565 2859 1612 10

341 1661 567 1715 noster
624 1653 803 1716 enim
864 1652 1072 1733 labor,
1134 1662 1202 1717 et
1277 1674 1412 1718 non
1489 1655 1618 1717 Dei
1693 1655 2046 1736 promissio
2106 1653 2479 1718 mercedem
2555 1653 2747 1717 nobis

341 1755 660 1819 restituet.
749 1757 804 1819 si
850 1766 1076 1821 autem
1119 1759 1470 1840 promissio
1518 1759 1697 1823 facta
1744 1769 1847 1823 est
1892 1780 2066 1842 quae
2107 1758 2559 1841 promittentis
2596 1778 2746 1841 gra-

339 1857 504 1921 tiam
535 1858 1041 1936 demonstraret,
1075 1881 1208 1924 non
1243 1864 1472 1944 utique
1514 1862 1681 1945 legis
1718 1863 1995 1926 directio
2039 1872 2139 1926 est
2171 1864 2582 1940 necessaria3
2625 1863 2743 1926 sed

342 1962 470 2025 Dei
501 1963 870 2045 promissio,
903 1983 1075 2045 quae
1107 1964 1300 2028 nobis
1331 1968 1869 2028 communionem
1902 1966 2112 2029 donat
2144 1963 2713 2029 benedictionisl*

470 2065 633 2129 illud
666 2075 892 2129 autem
927 2076 1158 2129 notare
1189 2067 1256 2129 in
1290 2068 1673 2148 apostolicis
1714 2068 1908 2130 dictis
1947 2068 2224 2149 dignum
2272 2076 2394 2144 est,
2427 2067 2743 2148 quoniam
2781 2075 2849 2141 15

337 2165 551 2230 dixit:
596 2188 721 2229 non
771 2168 933 2230 dicit
949 2190 974 2230 .·
1019 2174 1034 2199 ‘
1051 2177 1114 2230 et
1156 2168 1543 2245 seminibus,'
1589 2171 1784 2251 quasi
1823 2169 1892 2232 in
1943 2169 2173 2231 multis
2189 2193 2219 2243 ,·
2263 2167 2388 2243 sed,
2435 2169 2630 2250 quasi
2675 2168 2744 2231 in

337 2288 464 2330 uno
488 2291 512 2331 .·
571 2274 668 2332 ‘et
720 2270 955 2333 semini
1011 2270 1151 2347 τηυξ
1204 2271 1323 2353 qui
1375 2280 1473 2334 est
1520 2271 1837 2336 Christus.
1941 2290 2075 2333 non
2121 2270 2304 2353 quod
2350 2290 2484 2333 non
2531 2270 2744 2352 possit

336 2371 588 2434 dictum
662 2394 806 2436 esse
880 2375 1061 2456 quod
1133 2374 1419 2437 dixerit:
1503 2384 1568 2436 et
1623 2374 1864 2437 semini
1926 2383 2049 2448 tuo,
2113 2374 2180 2436 in
2249 2392 2606 2436 commune
2676 2383 2742 2437 et

338 2476 424 2538 de
482 2477 793 2539 omnibus
853 2475 1167 2560 intellegi,
1242 2478 1307 2540 in
1380 2479 1810 2540 contentione
1884 2477 2154 2559 posuit;
2229 2475 2348 2538 sed
2424 2478 2740 2558 quoniam

340 2580 515 2645 facta
569 2578 781 2644 fuerat
828 2581 913 2645 ad
964 2580 1310 2645 Abraham
1358 2581 1710 2664 promissio
1759 2588 1828 2644 et
1869 2580 1955 2643 ad
1997 2599 2226 2643 semen
2276 2579 2433 2656 eius,
2479 2587 2551 2643 ut
2602 2580 2742 2642 uni·
2772 2597 2857 2644 20

339 2705 568 2748 uersae
615 2694 868 2766 genteS,
923 2693 1066 2748 tam
1114 2685 1316 2767 ipsius
1354 2705 1553 2767 quarn
1596 2685 1801 2747 etiam
1848 2684 2119 2746 seminis
2168 2683 2325 2759 eiuS,
2372 2685 2744 2747 communi-

335 2795 561 2850 carent
635 2787 1186 2850 benedictionem.
1276 2788 1713 2869 praeueniens
1773 2787 2067 2850 ostendit
2128 2786 2445 2868 quoniam
2517 2787 2743 2869 inpos-

334 2889 525 2953 sibile
573 2890 658 2953 sit
709 2890 779 2951 in
824 2890 1136 2953 omnibus
1183 2890 1493 2973 gentibus
1547 2889 1809 2972 impleri
1855 2890 2381 2971 promissionem,
2443 2889 2568 2951 nisi
2622 2910 2743 2972 per

335 2994 536 3059 fidem
596 2992 825 3057 solam.
916 3015 1005 3056 ex
1065 2994 1259 3056 rebus
1319 2995 1461 3076 ipse
1524 2996 1762 3060 iterum
1838 2993 2167 3075 probauit,
2228 2993 2548 3074 quoniam
2627 3012 2746 3073 per

460 3185 500 3268 ἦ
535 3186 697 3267 πρὸς
725 3186 833 3252 τὸν
867 3185 1180 3269 Ἀβραὰμ
1220 3189 1398 3273 φωνὴ
1442 3188 1833 3270 ἐπαγγελίας
1872 3187 2070 3265 ἐστίν,
2101 3184 2316 3271 φησίν.
2381 3183 2414 3248 ὁ
2450 3182 2520 3249 δὲ
2551 3182 2742 3262 νόμος
2769 3207 2847 3272 25

334 3288 748 3374 κατορθῶσαι
786 3288 1069 3367 ἀπαιτεῖ,
1099 3289 1210 3354 καὶ
1239 3287 1386 3354 τότε
1426 3287 1692 3356 δίδωσιν
1727 3288 1838 3355 τὸν
1865 3287 2120 3370 μισθόν·
2151 3283 2319 3352 ὥστε
2359 3285 2418 3351 εἰ
2453 3286 2571 3369 μὲν
2611 3283 2746 3352 α’πὸ

332 3393 448 3455 τοῦ
478 3388 671 3469 νόμου
698 3396 904 3455 ταῦτα
933 3389 1362 3474 περιμένομεν,
1394 3392 1665 3477 περιττὴ
1698 3389 1735 3470 ἦ
1780 3389 2155 3481 ἐπαγγελίακ
2197 3387 2231 3452 ὁ
2273 3386 2396 3472 «γὰρ
2439 3385 2744 3474 ἡμέτερος

332 3490 615 3572 κάματος
646 3492 753 3557 καὶ
782 3490 904 3579 οὐχ
933 3491 971 3572 ἦ
1001 3496 1118 3558 τοῦ
1148 3494 1318 3559 Θεοῦ
1347 3493 1707 3576 ἐπαγγελία
1738 3494 1845 3559 τὸν
1872 3492 2108 3575 μισθὸν
2147 3490 2301 3572 ἡμῖν
2331 3489 2741 3556 ἀποδίδωσιν·

331 3593 390 3659 εἰ
440 3593 508 3659 δὲ
557 3592 594 3676 ἦ
642 3595 1005 3679 ἐπαγγελία
1046 3594 1383 3680 ’γεγένηται
1427 3596 1543 3676 τὴν
1603 3602 1719 3662 τοῦ
1768 3589 2223 3683 ὑποσχομένου
2269 3595 2467 3681 χάριν
2514 3592 2741 3680 ἐμφαί-

333 3726 553 3777 νουσα,
608 3698 725 3764 οὐκ
770 3699 897 3785 ἄρα
940 3699 977 3779 ἡ
1023 3704 1137 3766 τοῦ
1189 3699 1383 3779 νόμον
1431 3698 1826 3784 κατόρθωσίς
1877 3701 2072 3776 ἐστιν,
2125 3696 2280 3762 ἀλλ’
2330 3695 2368 3777 ἦ
2426 3701 2544 3762 τοῦ
2595 3698 2742 3764 θεοῦ
2772 3726 2855 3790 30

333 3801 695 3891 ὑπόσχεσις
725 3801 762 3885 ἡ
797 3804 912 3884 τὴν
934 3804 1263 3869 κοινωνίαν
1292 3803 1440 3887 η’μῖν
1470 3807 1582 3881 τῆς
1614 3801 1913 3885 εὐλογίας
1942 3800 2349 3891 χαριζομένη.

437 3974 509 4022 17,
545 3961 600 4010 18
635 3962 824 4013 semine
853 3964 895 4012 C
901 3964 928 3990 ⁴*
957 3963 1064 4024 (bis)
1247 3975 1300 4025 17
1336 3979 1464 4028 quae
1501 3963 1613 4026 (sor
1646 3965 1802 4027 quod)
1846 3963 1923 4013 C*
1991 3964 2108 4028 quia
2149 3964 2194 4013 C
2227 3965 2374 4024 (corr)
2567 3980 2625 4030 ¹9
2657 3975 2739 4015 aut

332 4046 435 4110 (bes
445 4047 494 4094 in
518 4047 672 4105 cont.)
696 4047 800 4093 add
822 4048 864 4095 C
886 4048 952 4095 ll
966 4065 977 4095 ι
998 4048 1105 4111 fivr.
1129 4049 1213 4110 leg.
1243 4047 1356 4096 hoc.
1617 4061 1676 4104 25
1702 4062 1775 4108 sq.
1807 4042 1960 4093 Coisl.
1993 4058 2088 4107 ²04
2111 4044 2143 4094 s.
2176 4045 2235 4094 26
2260 4046 2295 4093 b
2318 4046 2422 4105 [Cr.
2449 4046 2511 4093 vi.
2546 4059 2623 4106 54,
2656 4048 2738 4095 Fr.

336 4126 464 4187 124].
532 4127 771 4186 θεόδωρος.
826 4127 977 4176 ἄλλος
1001 4129 1149 4175 πάλιν
1181 4129 1346 4187 φησίν·
1381 4127 1413 4186 ἠ
1446 4127 1564 4188 πρὸς
1595 4128 1680 4173 τὸν
1710 4124 1840 4187 Ἀβ.,
1869 4128 2014 4174 κ.τ.λ.

403 4279 472 4325 ¹7-
547 4280 648 4312 nou
690 4265 824 4328 quad
862 4281 961 4313 non
999 4267 1169 4328 possil,
1211 4265 1325 4326 δια]
1381 4263 1477 4314 Th.
1588 4263 1731 4326 point
1752 4263 2099 4326 osgrammar3
2134 4262 2195 4310 he
2221 4265 2260 4310 is
2282 4270 2369 4311 not
2392 4263 2610 4326 denying
2632 4264 2738 4312 that

328 4344 540 4393 soresees
565 4345 648 4394 the
677 4346 955 4408 objection:
996 4348 1234 4409 ισπέρμα,
1262 4347 1372 4417 Ώᾙ,
1401 4362 1484 4394 are
1585 4345 1707 4393 such
1753 4360 1913 4393 nouns
1959 4360 2072 4406 may
2119 4345 2180 4392 be
2227 4344 2347 4391 used
2392 4350 2444 4390 to
2490 4344 2670 4393 denote
2710 4361 2740 4392 a

331 4424 589 4472 collective
645 4423 844 4472 nouns.’
937 4425 1020 4472 He
1064 4440 1309 4475 answers:
1370 4425 1483 4474 ‘the
1586 4424 1889 4476 multitude)

335 4503 483 4565 Ap.’s
522 4513 777 4565 argument
826 4505 946 4551 does
991 4512 1078 4552 not
1125 4513 1234 4552 turn
1281 4522 1413 4567 upon
1454 4522 1482 4551 a
