3293 5233
523 394 663 462 250*
1170 393 1628 449 THEoDoRUs
1676 393 2259 448 MOPsUEsTENUs
2490 379 2636 464 [IV.
2675 379 2956 462 13—16.

656 569 817 635 ‘hoc
845 566 998 633 dico
1030 567 1299 652 (inquit)
1332 587 1468 632 non
1498 566 1658 651 quia
1688 566 1982 651 inopiam
2015 567 2155 632 fero
2183 565 2515 651 grauiter;
2562 565 2630 631 in
2667 577 2951 632 consue·

524 671 827 735 tudinem
872 670 1051 735 enim
1101 691 1210 735 me
1255 670 1474 753 ipsum
1528 670 1859 748 constitui,
1914 679 1990 735 ut
2037 670 2368 734 sufficiens
2413 670 2539 734 sim
2594 668 2722 733 illis
2769 689 2951 752 quae

494 774 952 838 ‘inueniuntur
981 774 1047 837 in
1079 771 1445 857 praesenti?
1536 781 1605 837 et
1633 772 1951 856 quoniam
1995 773 2178 837 nulla
2222 796 2311 838 ex
2355 783 2546 858 parte
2592 773 2951 838 conturba-

523 886 631 940 tur
678 897 768 940 ex
816 876 943 941 illis
991 897 1164 960 quae
1215 875 1342 939 sibi
1392 874 1808 954 accidebant,
1851 876 2256 959 suscipiebat
2296 896 2455 940 uero
2500 887 2568 941 et
2612 875 2725 939 illa
2770 895 2949 958 quae

460 980 491 1047 S
524 977 767 1060 requiei
801 988 990 1042 erant
1019 988 1088 1042 et
1117 977 1233 1042 illa
1270 996 1443 1060 quae
1476 980 1783 1043 tristitiae
1820 977 2132 1060 prudenti
2170 998 2249 1042 ac
2289 979 2510 1042 sobrio
2555 975 2898 1042 intellectu
2927 997 2947 1054 ;

523 1089 592 1145 et
628 1081 697 1143 in
735 1082 914 1145 duris
954 1080 1225 1163 quidem
1267 1080 1462 1144 rebus
1493 1089 1930 1145 consueuerat
1974 1100 2110 1145 non
2151 1081 2268 1145 illa
2308 1081 2477 1146 ferre
2521 1082 2828 1165 grauiter,
2873 1081 2943 1144 in

521 1184 853 1266 prosperis
884 1205 1043 1248 uero
1073 1204 1206 1248 non
1240 1182 1453 1247 laxari
1484 1184 1755 1260 deliciis,
1787 1184 1904 1247 sed
1939 1184 2292 1267 disponere
2324 1185 2437 1248 illa
2467 1206 2640 1268 quae
2670 1203 2828 1266 erga
2868 1203 2945 1246 se

523 1295 712 1349 erant
742 1307 860 1369 per
889 1281 1114 1350 omnia
1156 1288 1641 1377 conuenienten
1735 1295 1804 1349 et
1849 1296 1923 1350 ut
1967 1306 2052 1349 ne
2097 1286 2406 1351 uideatur
2447 1287 2696 1370 magna
2739 1285 2825 1348 de
2870 1305 2947 1348 se

522 1406 760 1468 sapere
789 1387 953 1451 haec
985 1389 1249 1453 dicens:

419 1541 497 1588 10
647 1523 868 1589 omnia
883 1525 1227 1608 praeualeo
1257 1524 1329 1589 in
1357 1546 1424 1588 eo
1452 1523 1569 1607 qui
1597 1545 1699 1589 me
1725 1525 2064 1607 confortat,
2104 1522 2377 1616 Christp.

652 1644 830 1728 ‘ipse
877 1643 1142 1727 (inquit)
1191 1654 1293 1709 est
1337 1643 1450 1727 qui
1496 1655 1794 1728 praestat
1838 1644 2000 1708 mihi
2045 1647 2141 1709 sic
2185 1667 2400 1730 posse,
2432 1657 2507 1711 ut
2545 1655 2616 1711 et
2645 1647 2943 1730 requiem

520 1749 943 1813 conuenienti
987 1748 1261 1812 arbitrio
1292 1749 1531 1813 abutar
1560 1760 1627 1813 et
1659 1748 1957 1813 tristitias
1989 1748 2142 1813 forti
2173 1749 2399 1813 animo
2430 1748 2677 1814 feram.’
2767 1760 2837 1815 et
2868 1762 2946 1815 ut

521 1874 604 1916 ne
650 1854 1036 1918 aestimetur
1080 1861 1551 1936 contempnere
1598 1852 1714 1916 illa
1757 1873 1931 1935 quae
1971 1853 2058 1916 ab
2100 1853 2230 1916 illis
2262 1853 2464 1917 missa
2495 1852 2773 1932 fuerant,
2805 1853 2945 1920 tale

520 1954 773 2018 habens
806 1955 1202 2032 institutum,
1235 1956 1517 2019 adiecit:

418 2118 441 2163 1
459 2114 499 2181 3
649 2101 1092 2155 uernmtamen
1123 2093 1268 2157 bene
1279 2090 1540 2174 feoe'stis
1565 2089 2100 2155 communicantes
2129 2089 2543 2155 tribulationi
2569 2110 2756 2154 meae.

650 2217 666 2246 ‘
685 2211 803 2277 uos
828 2213 1099 2296 quidem
1131 2214 1312 2277 omni
1347 2210 1543 2275 laude
1575 2213 1733 2275 estis
1759 2209 1961 2293 digni,
1987 2231 2109 2292 pro
2132 2210 2375 2292 quibus
2399 2208 2946 2273 communicastis

519 2314 1059 2380 tribulationibus
1091 2316 1273 2391 meiS,
1304 2316 1644 2379 mittentes
1677 2323 1984 2395 sumptus
2017 2312 2443 2376 subleuantes
2475 2310 2941 2375 necessitatem

519 2438 780 2496 meam;
828 2440 917 2482 ex
959 2418 1199 2501 quibus
1240 2439 1509 2482 necesse
1552 2426 1671 2493 est,
1704 2425 1779 2482 ut
1823 2425 1892 2482 ct
1935 2417 2259 2482 mercedis
2304 2416 2494 2480 uobis
2539 2415 2716 2481 adsit
2757 2437 2944 2482 com-

519 2519 788 2606 muni0.'

410 2677 495 2724 20
645 2653 826 2717 scitis
851 2663 915 2716 et
933 2674 1063 2731 uos,
1086 2652 1537 2736 Plzilt'ppenseS,
1564 2652 1869 2737 qnoniam
1893 2653 1965 2717 in
1980 2652 2305 2736 principio
2325 2654 2663 2737 euangelii,
2684 2653 2943 2736 quando

516 2753 650 2817 exii
675 2776 718 2817 a
747 2755 1148 2832 Macedonia,
1183 2756 1365 2819 nulla
1394 2756 1564 2819 milei
1590 2755 1841 2819 ecclesia
1868 2754 2370 2819 communz'cauit
2396 2755 2467 2819 in
2509 2755 2758 2818 ratione
2795 2754 2946 2818 dati

517 2868 580 2921 et
605 2860 850 2940 accepti,
884 2860 1017 2923 nisi
1044 2881 1157 2923 uos
1183 2860 1350 2934 soli,·
1396 2860 1700 2942 quoniam
1731 2868 1794 2922 et
1831 2859 2307 2923 Thessalonicae
2335 2868 2398 2922 et
2421 2861 2615 2925 semel
2636 2871 2700 2925 et
2725 2861 2825 2926 bis
2849 2863 2950 2925 ad

519 2983 674 3024 usus
703 2983 870 3025 meos
897 2962 1187 3026 misistis.

650 3081 890 3145 deinde
935 3082 1097 3146 dicit
1155 3082 1471 3164 quoniam
1520 3084 1623 3146 ‘et
1667 3081 1936 3162 quando
1983 3080 2280 3162 inprimis
2326 3080 2516 3144 uobis
2560 3083 2939 3164 praedicaui

411 3212 489 3277 25
520 3187 839 3270 pietatem
894 3208 1046 3251 cum
1109 3188 1340 3251 ceteris
1404 3185 1903 3259 MacedonibuS,
1969 3194 2036 3247 et
2096 3183 2343 3247 exinde
2404 3204 2553 3248 sum
2615 3206 2936 3267 egressus,

521 3312 734 3377 neque
765 3292 952 3356 dedit
984 3291 1144 3354 mihi
1177 3293 1325 3373 quis
1358 3292 1537 3366 alter,
1572 3310 1787 3372 neque
1819 3290 2080 3372 suscepi
2114 3289 2202 3352 ab
2239 3289 2464 3366 altem,
2498 3289 2622 3353 nisi
2665 3312 2704 3354 a
2746 3291 2939 3356 uobis

519 3396 713 3475 solis;
762 3395 1008 3458 etenim
1055 3405 1121 3458 et
1167 3394 1681 3458 Thessalonicae
1723 3393 2162 3457 commoranti
2207 3393 2367 3456 mihi
2401 3404 2469 3458 et
2498 3395 2702 3457 semel
2737 3405 2806 3459 et
2835 3396 2939 3462 bis

622 3560 642 3593 1
680 3544 804 3592 haec
833 3544 875 3592 C
936 3544 1061 3593 haec
1082 3544 1184 3608 inq.
1217 3546 1313 3605 (om
1337 3545 1471 3605 dico)
1494 3560 1526 3593 r
1693 3541 1724 3591 6
1759 3545 1810 3591 in
1838 3542 1942 3607 (bes
1961 3543 2117 3603 duris)
2141 3559 2218 3591 om
2242 3545 2310 3592 H
2465 3557 2492 3607 7
2527 3544 2715 3595 diuitiis
2737 3546 2806 3595 H
2822 3543 2830 3609 Ι
2860 3546 2941 3596 his

519 3642 704 3694 ponere
741 3624 854 3688 υἱον
882 3625 1033 3689 disp.)
1077 3626 1145 3674 C*
1164 3629 1230 3675 II
1244 3644 1275 3674 r
1496 3643 1547 3676 11
1589 3633 1663 3675 est
1697 3643 1773 3674 om
1808 3627 1876 3674 H
2081 3638 2138 3689 13
2174 3625 2324 3676 talem
2364 3627 2495 3675 CII
2693 3642 2750 3688 14
2785 3627 2940 3678 adicit

524 3710 566 3757 C
588 3723 620 3754 r
882 3705 940 3755 16
974 3708 1092 3756 estis
1113 3725 1190 3756 om
1214 3725 1245 3755 r
1511 3711 1567 3757 18
1603 3707 1855 3756 mercedes
1878 3722 1910 3753 r
1935 3704 1942 3769 Ι
1974 3706 2091 3754 assit
2115 3708 2183 3755 H
2436 3722 2495 3755 αα
2531 3706 2626 3757 nisi
2649 3708 2744 3758 soli
2766 3725 2857 3758 uos
2879 3710 2951 3758 H

521 3786 582 3838 26
616 3786 700 3850 qui
740 3785 915 3836 saltem
942 3785 1057 3850 (fhr
1087 3788 1197 3852 quis
1233 3789 1375 3846 alter)
1407 3788 1475 3836 C*
1544 3787 1655 3852 quis
1689 3787 1864 3835 saltem
1906 3787 1948 3835 C
1968 3788 2118 3847 (corr)
2144 3800 2177 3834 r

520 3916 621 3966 Gk.
648 3917 717 3976 (ἐν
740 3919 906 3979 παντί)
930 3917 973 3966 is
1001 3918 1210 3967 without
1246 3918 1453 3967 variant.
1526 3919 1675 3965 Satn·
1848 3927 1923 3961 ιο.
1987 3911 2202 3972 Christo]
2283 3911 2512 3963 Omitted
2550 3914 2619 3978 by
2658 3915 2745 3965 the
2785 3914 2939 3965 Latin

519 4000 634 4049 rari
652 4000 693 4048 is
714 4000 863 4064 given
884 4000 952 4064 by
974 4000 1221 4050 Ambrstr.
1245 4000 1315 4049 ad
1331 4002 1380 4049 lz.
1404 4002 1437 4049 l.
1451 4018 1466 4061 3
1500 4000 1673 4063 vulg„
1777 3996 2014 4045 versions.

518 4084 707 4135 satiari.
1848 4094 1866 4125 1
1878 4092 1922 4126 2.
1959 4085 2003 4126 ct
2019 4084 2080 4125 ut
2092 4093 2187 4127 ne..
2200 4078 2409 4139 adiecit]
2435 4079 2582 4128 Cited
2601 4081 2669 4144 by
2687 4079 2940 4131 Lansranc

587 4180 632 4227 3.
705 4170 752 4211 et
793 4163 1046 4227 quoniam,
1092 4164 1207 4224 δια]
1275 4164 1385 4212 The
1424 4172 1673 4211 construc-
1775 4161 1875 4209 and
1901 4161 1964 4208 R.
1994 4160 2052 4209 of
2069 4161 2125 4209 B.
2157 4161 2207 4209 in
2243 4160 2328 4209 the
2351 4161 2509 4209 form:
2554 4161 2702 4211 “boc
2733 4162 2940 4222 adiecit,

519 4245 625 4298 tion
660 4247 728 4295 is:
776 4250 807 4273 “
825 4255 872 4295 et
911 4247 1143 4310 quoniam
1162 4253 1280 4294 ...ut
1320 4261 1382 4294 ne
1397 4244 1673 4294 ...dicens”
1775 4253 1829 4295 ut
1852 4246 1950 4294 tale
1973 4245 2162 4295 habens
2185 4246 2299 4294 inst.
2318 4261 2421 4294 non
2439 4241 2798 4303 existimetur,”
2821 4244 2914 4294 &c.

521 4329 772 4388 (zdicitk
806 4336 853 4377 et
874 4327 927 4388 (l.
949 4331 997 4388 8)
1024 4328 1202 4377 breaks
1224 4329 1309 4377 the
1334 4328 1521 4378 thread.
1843 4344 1918 4377 21.
1969 4329 2096 4389 exii]
2132 4327 2348 4387 ἐξῆλθον.
2420 4328 2484 4377 Ο.
2515 4327 2599 4384 L.‚
2625 4326 2797 4390 Vulg„
2816 4334 2939 4390 pro·

587 4424 632 4469 5.
705 4406 906 4468 requici]
963 4408 1045 4455 On
1075 4407 1174 4456 this
1207 4424 1313 4456 rare
1342 4406 1469 4455 form
1503 4406 1562 4456 of
1587 4408 1673 4457 the
1768 4411 1923 4472 fictus
1943 4427 2073 4459 sum.
2131 4412 2224 4461 Ad
2240 4426 2359 4459 usus
2381 4425 2519 4469 meos,
2547 4411 2617 4459 εἰς
2637 4404 2741 4468 τὴν
2767 4409 2938 4469 χρείαν

519 4502 653 4549 gen·⁸
676 4504 758 4537 see
782 4489 866 4537 the
889 4488 1016 4538 lcxx.
1088 4488 1169 4538 Cf.
1195 4488 1421 4551 requiem,
1451 4485 1485 4534 l.
1517 4502 1590 4536 11.
1774 4509 1870 4549 μοι.
1941 4491 2018 4541 Cf.
2049 4508 2095 4556 p.
2131 4494 2239 4551 228,
2266 4491 2300 4541 l.
2332 4490 2407 4549 16.
2429 4497 2566 4540 note.
