3293 5233
310 397 411 463 11.
447 397 566 483 18.]
1056 411 1141 462 IN
1189 412 1295 465 ΕΡ.
1339 412 1443 462 AD
1489 400 2036 464 COLOSSENSE'S.'

2602 407 2726 475 293

305 580 539 645 tinent.
602 600 761 644 nam
786 600 937 644 esca
967 589 1035 645 et
1064 590 1263 665 potus
1294 589 1363 645 et
1394 575 1722 646 festiuitas
1753 591 1822 647 et
1853 581 2244 647 neomeniae
2272 589 2342 647 et
2371 580 2725 648 sabbatum

306 683 394 745 ad
446 683 784 746 modicum
843 690 1111 764 tempus
1165 683 1575 747 custoditum
1620 682 2067 766 pertransibit,
2111 703 2195 748 eo
2234 683 2414 766 quod
2461 681 2559 747 illi
2611 683 2726 765 qui

287 782 513 848 semel
570 783 812 846 mortui
866 791 1022 847 sunt
1083 783 1357 848 ulterius
1415 784 1588 847 hanc
1635 805 1770 848 non
1831 786 2134 868 indigent
2192 784 2728 863 obseruantiam3

310 882 555 947 Christi
618 905 774 947 uero
828 885 1118 963 donatio,
1179 886 1366 949 atubi
1430 884 1633 950 semel
1696 887 2005 968 coeperit,
2061 895 2289 951 manet
2349 885 2729 962 immobili5‚

306 985 558 1049 nullam
586 988 1085 1051 uertibilitatem
1118 1007 1437 1071 umquam
1462 989 1813 1053 sustinens,
1873 990 2052 1071 quod
2079 989 2257 1053 enim
2289 989 2466 1054 dixit
2494 989 2728 1054 umbra
2804 1001 2838 1070 5

289 1087 699 1169 futurorum,
731 1087 858 1151 hoc
889 1089 1065 1164 dicit,
1096 1092 1412 1172 quoniam
1440 1090 1506 1152 in
1531 1091 2029 1173 comparatione
2058 1090 2425 1154 futurorum
2453 1091 2729 1154 umbrae

307 1201 463 1254 sunt
507 1191 634 1254 ista
679 1193 941 1270 omnia3
985 1193 1164 1256 unde
1203 1193 1289 1256 ad
1328 1189 1843 1274 significantiam
1893 1192 2167 1254 umbrae
2201 1202 2425 1273 corpus
2467 1190 2725 1265 adiecit,

305 1292 433 1356 hoc
481 1293 724 1371 dicem,
768 1295 1087 1377 quoniam
1138 1295 1317 1375 apud
1369 1294 1709 1359 Christum
1760 1295 2005 1359 ueritas
2058 1304 2160 1358 est
2211 1293 2725 1377 perpetuitatem

305 1394 577 1461 habens.
2431 1393 2434 1394 ⁷

436 1565 614 1607 nemo
644 1548 758 1607 uos‘
784 1544 1070 1628 deczjbiat.
2764 1571 2843 1618 ιο

433 1676 561 1740 hoc
621 1686 739 1749 est.
800 1683 1036 1742 ‘nemo
1095 1680 1400 1743 brauium
1462 1690 1757 1744 uestrum
1820 1679 2052 1746 tollat.'
2142 1681 2447 1744 brauium
2495 1678 2728 1744 tollere

304 1779 561 1858 dicitur,
614 1782 669 1844 si
719 1782 774 1843 is
821 1784 935 1864 qui
983 1783 1196 1846 uictor
1249 1784 1476 1849 extitit
1525 1785 1698 1848 inter
1745 1784 1895 1847 illos
1941 1784 2054 1867 qui
2103 1785 2261 1847 uicti
2314 1792 2486 1859 sunt,
2531 1781 2730 1846 suerit

305 1893 536 1948 contra
596 1886 946 1949 ueritatem
1013 1895 1304 1950 statutus
1327 1908 1342 1965 ;
1408 1885 1524 1950 illa
1596 1888 1867 1965 ratione,
1930 1888 2109 1969 quod
2172 1885 2264 1949 illi
2325 1886 2438 1967 qui
2499 1885 2730 1948 brauia

258 2035 273 2044 .
305 1984 741 2052 luctatoribus
793 1990 951 2052 dare
992 1998 1146 2052 sunt
1191 1989 1439 2066 directi,
1487 1991 1552 2054 id
1604 1990 1864 2054 soleant
1909 1988 2139 2054 facere.
2230 1988 2421 2071 quasi
2456 2007 2617 2071 ergo
2659 1988 2728 2050 in

300 2089 788 2155 consessionem
838 2093 905 2155 id
952 2092 1332 2167 deductum,
1379 2093 1696 2174 quoniam
1741 2092 1810 2156 hi
1863 2092 1976 2175 qui
2020 2093 2088 2156 in
2135 2092 2521 2155 melioribus
2571 2091 2835 2175 sunt'15

305 2202 463 2257 tunc
515 2194 734 2259 solent
792 2196 1038 2260 brauiis
1098 2195 1350 2273 nudari,
1398 2196 1669 2277 quando
1721 2217 1762 2260 a
1811 2194 2194 2259 melioribus
2252 2196 2338 2259 ad
2399 2194 2728 2259 deteriora

304 2297 704 2365 deferuntur.

435 2446 646 2509 volens
693 2446 763 2509 in
798 2446 1168 2512 humilitate
1208 2458 1273 2511 et
1306 2450 1563 2513 cultura
1609 2452 2005 2533 angelorum,
2036 2470 2198 2532 quae
2240 2469 2366 2514 non
2410 2446 2588 2513 uidit
2629 2444 2731 2512 in-

300 2551 532 2630 cedens,
547 2553 825 2636 frustra
856 2551 1127 2634 inflatus
1154 2552 1237 2616 ab
1267 2551 1579 2616 intellectu
1606 2553 1828 2616 carnis
1852 2574 2043 2619 suae..

404 2737 431 2770 α
466 2722 785 2786 pertransiuit
821 2722 891 2771 C*
907 2724 975 2772 H
1029 2724 1314 2787 pertransiit
1345 2741 1379 2772 r
1587 2741 1615 2788 3
1650 2724 1763 2782 hac,
1787 2726 2104 2775 obseruantia
2130 2725 2173 2774 C
2187 2723 2331 2787 (corr)
2356 2741 2389 2773 r
2606 2743 2638 2787 4
2670 2732 2726 2775 ut

302 2802 391 2852 ubi
415 2805 478 2852 H
492 2820 525 2852 r
741 2816 767 2866 7
801 2806 873 2853 ita
896 2804 1009 2867 (χόν
1031 2804 1143 2865 ista)
1173 2804 1243 2853 C*
1469 2822 1529 2856 ιο
1562 2814 1650 2855 aut
1681 2806 1911 2855 brauium
1943 2814 2162 2856 uestrum
2197 2806 2338 2855 tollat
2362 2806 2461 2870 (ast
2486 2805 2724 2868 decipiat)

303 2887 408 2935 add
429 2887 473 2935 C
492 2887 595 2936 HI
738 2900 926 2950 12—17
961 2886 1058 2937 hoe
1092 2886 1520 2937 est—deferuntur
1541 2904 1617 2937 om
1641 2904 1675 2936 r
1824 2902 1883 2949 14
1915 2887 2189 2936 luctoribus
2217 2886 2288 2937 C*
2440 2885 2498 2936 16
2532 2887 2723 2937 nudare

310 2967 381 3017 C*
405 2970 475 3018 H

370 3132 415 3166 α.
500 3116 853 3180 pertransibit]
938 3116 1156 3176 R6nsch‚
1208 3116 1360 3176 Itala,
1405 3131 1459 3180 p.

306 3213 415 3265 209.
490 3199 673 3262 Comp.
697 3213 751 3262 p.
775 3216 824 3260 4,
850 3198 883 3246 l.
912 3214 990 3260 14,
1019 3205 1154 3247 note.

373 3292 420 3340 5.
486 3278 871 3339 uertibe‘le'tatem]
954 3277 1031 3327 Cf.
1079 3294 1129 3342 p.
1178 3274 1256 3337 26,
1306 3276 1341 3325 1.
1381 3292 1456 3337 11,

303 3363 440 3403 note.
506 3354 575 3401 In
597 3361 745 3416 comp.
755 3352 1006 3402 —ueritas
1026 3358 1094 3401 est
1098 3369 1123 3412 ,·
1156 3351 1420 3401 Lanfranc.

372 3446 418 3496 7.
454 3435 666 3497 ads-13⁷1.
688 3434 907 3495 umbrae]
929 3435 1016 3483 Iae.
1033 3441 1086 3483 to
1109 3449 1250 3496 carry
1266 3441 1351 3482 out
1376 3433 1462 3483 the

307 3514 462 3579 figure
501 3514 763 3578 suggested
802 3514 871 3577 by
904 3514 1033 3562 σκιά.
1108 3512 1461 3577 διζςνιςγὶταηίιὶι

303 3594 346 3645 is
369 3611 465 3645 one
487 3595 546 3645 of
560 3593 878 3645 Tertullian‘s
892 3595 1056 3644 words
1072 3597 1182 3658 (res.
1201 3609 1340 3642 carn.
1367 3608 1424 3641 21
1446 3608 1460 3651 ς

302 3677 417 3726 adv.
440 3678 608 3725 Marc.
632 3676 680 3726 ii.
718 3692 791 3743 19,
822 3692 868 3724 v.
889 3674 959 3736 6).

375 3773 450 3807 10.
517 3774 657 3806 nemo
696 3774 782 3814 uos
817 3758 1040 3821 deapt'at]
1110 3758 1180 3808 So
1209 3757 1458 3806 Ambrstr.

300 3837 475 3901 Vulg.,
501 3838 712 3886 seducat.
785 3837 896 3885 The
932 3836 1226 3886 alternative
1263 3837 1460 3886 version

301 3920 532 3985 supplied
577 3920 628 3968 in
668 3920 752 3968 the
789 3920 943 3968 MSS.
986 3934 1081 3967 can
1116 3918 1295 3981 hardly
1331 3918 1461 3967 have

299 4001 551 4065 belonged
582 4009 634 4050 to
669 4001 753 4050 the
786 4001 997 4065 original
1032 4000 1340 4049 translation.
1412 3999 1459 4048 It

302 4097 462 4131 seems
497 4089 549 4131 to
582 4082 646 4130 be
679 4097 709 4130 a
742 4081 985 4145 marginal
1019 4080 1168 4144 gloss,
1201 4081 1461 4129 borrowed

296 4162 425 4212 from
460 4163 545 4213 the
577 4179 781 4219 comm„
820 4164 922 4211 and
948 4164 1112 4212 added
1150 4171 1201 4212 to
1235 4163 1321 4212 the
1357 4171 1461 4212 text

299 4244 368 4309 by
399 4259 538 4293 some
562 4243 801 4292 unskilsul
825 4244 1035 4307 copyist.

372 4341 392 4374 1
406 4342 448 4374 1.
538 4325 775 4373 brauium
835 4325 998 4373 tollere
1064 4324 1266 4385 dicitur,
1338 4322 1458 4389 δια]

299 4406 498 4456 Thdt.:
554 4406 933 4469 καταβραβεύειν
982 4406 1115 4454 ἐστὶν
1156 4405 1215 4453 τὸ
1256 4399 1462 4455 ἀδίκως

296 4488 638 4551 βραβεύειν.
710 4485 881 4546 ἐπειδὴ
928 4489 1086 4538 τοίνυν
1142 4486 1225 4537 καὶ
1278 4487 1323 4536 ol
1376 4484 1462 4538 τὰς

1562 3113 1757 3175 νομικὰς
1789 3113 2147 3179 παρατηρήσεις
2177 3112 2252 3177 τῷ
2275 3116 2547 3178 εὐαγγελίῳ
2569 3089 2724 3177 παρα·

1558 3195 1809 3258 μιγνύντες
1832 3198 1931 3246 ἀπὸ
1953 3194 2047 3245 τῶν
2069 3198 2345 3258 κρειττόνων
2366 3199 2536 3247 αὐτοὺς
2557 3198 2640 3246 ἐπὶ
2660 3199 2725 3247 τὰ

1560 3275 1748 3325 ἐλάττω
1790 3278 2072 3337 μετέφερον,
2123 3277 2312 3326 εἰκότως
2362 3279 2459 3337 ἔφη
2500 3278 2719 3339 μηδείς,

1562 3354 1712 3401 κ.τ.λ.
1755 3352 1929 3414 Meyer
1952 3352 2188 3411 remarks,
2217 3351 2338 3400 with
2362 3368 2502 3402 some
2519 3351 2721 3415 justice,

1560 3434 1671 3482 that
1708 3433 1808 3483 this
1849 3433 2224 3497 interpretation
2261 3432 2539 3483 confounds
2576 3452 2722 3482 κατα-

1560 3518 1816 3578 βραβεύειν
1858 3516 1980 3564 with
2021 3517 2336 3578 ταραβραβ.;
2384 3516 2469 3564 the
2507 3515 2726 3582 hostility

1561 3597 1727 3645 rather
1765 3597 1885 3647 than
1926 3597 2012 3647 the
2047 3596 2333 3659 unfizirness
2366 3596 2426 3646 of
2452 3597 2536 3647 the
2569 3606 2650 3647 act
2682 3598 2724 3647 is

1561 3677 1646 3726 the
1671 3678 1952 3742 prominent
1976 3677 2190 3742 thought
2214 3678 2265 3726 in
2296 3680 2718 3742 καταβραβευέτω.

1561 3758 1664 3806 For
1696 3759 1929 3807 bremium
1954 3774 2036 3808 see
2061 3759 2282 3819 Ronsch,
2310 3760 2463 3817 Itala,
2489 3776 2574 3824 pp.
2607 3758 2719 3826 239,

1562 3851 1675 3900 240,
1703 3840 1803 3887 and
1827 3840 2006 3895 above,
2031 3855 2080 3903 p.
2104 3855 2130 3887 2
2138 3841 2215 3901 38,
2245 3839 2278 3887 l.
2298 3855 2378 3889 20.

1632 3934 1707 3978 14.
1775 3919 1831 3966 in
1862 3917 2393 3982 conftssebnem...ded.]
2423 3918 2643 3967 ‘treated
2667 3935 2723 3969 as

1563 4016 1628 4050 an
1652 4000 2042 4064 acknowledged
2067 3998 2202 4049 sact.’

1634 4082 1708 4131 18.
1779 4081 1999 4141 cultura]
2065 4078 2292 4139 θρησκείᾳ
2314 4095 2327 4127 2
2382 4078 2446 4127 cf.
2495 4078 2718 4140 R‘onsch,

1561 4163 1713 4223 Itala,
1737 4179 1787 4226 p.
1805 4175 1861 4223 31
1876 4179 1916 4213 1.
1967 4162 2139 4226 Vulg..
2161 4160 2493 4225 “religione”
2540 4162 2723 4226 Comp.

1562 4241 1698 4305 Aug.
1723 4241 1824 4303 Ep.
1847 4240 1918 4288 ad
1945 4240 2152 4288 paulin.
2181 4241 2347 4302 (149):
2393 4240 2429 4264 “
2450 4238 2723 4289 ‘culturam

1560 4316 1890 4382 angelorum,'
1905 4319 1986 4368 uel
2002 4319 2126 4368 sieut
2144 4319 2293 4367 uestri
2308 4318 2506 4367 codices
2519 4318 2723 4376 habent,

1568 4402 1885 4467 ‘religionem
1920 4399 2050 4465 ang.’
2071 4398 2100 4422 ’¹
2165 4401 2415 4461 Incedens,
2444 4400 2692 4473 intellecjtu
2706 4414 2725 4449 .·

1560 4473 1731 4549 vulg,
1757 4476 2036 4545 ambulans,
2063 4498 2206 4533 sensu
2230 4482 2309 4547 (cs.
2340 4500 2391 4549 p.
2419 4472 2529 4545 27⁵7,
2558 4481 2593 4532 l.
2622 4481 2720 4543 16).
