3293 5233
658 362 787 426 228

1337 372 1796 426 THEODORUS
1842 372 2430 426 MOPSUESTENUS

2635 358 2760 446 [ΙΙ.
2794 373 3082 441 22—27.

663 548 841 612 enim
894 548 978 612 de
1026 548 1155 613 illis
1198 549 1313 633 qui
1363 570 1452 614 ex
1499 549 1998 614 circumcisione
2041 559 2215 616 sunt.
2308 559 2378 615 et
2416 548 2768 616 ostendere
2806 546 3080 631 cupiens

663 651 980 733 quoniam
1035 652 1161 715 ista
1211 672 1344 715 non
1407 652 1473 714 in
1534 653 1824 734 gratiam
1883 651 2222 717 Timothei
2284 653 2467 730 dicit,
2516 652 2814 736 ipsorum
2877 649 3083 713 utitur

663 752 1141 830 testimonium,
1186 761 1422 836 utpote
1465 753 1828 818 scientibus
1872 774 2045 832 eum,
2090 763 2163 818 et
2205 754 2408 819 dicit:

792 903 1285 984 experimentum
1328 915 1543 968 autem
1587 905 1727 968 eius
1767 905 2151 988 cognoscitis,
2179 905 2486 988 quoniam
2527 915 2862 987 tamquam
2893 900 3087 987 patri

601 1013 633 1081 5
648 1004 845 1089 filius
882 1027 1122 1070 mecum
1165 1007 1446 1071 seruiuit
1490 1008 1560 1072 in
1603 1008 1950 1092 euangelio.

796 1144 865 1198 et
911 1134 1148 1199 iterum
1195 1135 1443 1199 adiecit
1473 1160 1489 1199 ι

795 1284 964 1349 hunc
999 1285 1285 1368 equidem
1314 1297 1492 1368 spero
1523 1284 1789 1364 mittere,
1822 1286 2010 1351 atubi
2049 1286 2273 1352 uidero
2299 1307 2374 1351 ea
2402 1307 2566 1370 quae
2590 1306 2750 1369 erga
2778 1305 2880 1348 me
2909 1293 3081 1362 sunt,

663 1389 1017 1471 confestim.

798 1517 1149 1600 ‘quoniam
1192 1517 1457 1581 mittam
1499 1516 1683 1580 illum
1729 1517 1937 1594 uobis,
1976 1519 2162 1583 atubi
2208 1503 2324 1581 illa'
2361 1538 2534 1601 quae
2569 1518 2938 1581 secundum
2978 1538 3086 1582 me

566 1632 645 1680 10
668 1629 824 1684 sunt
856 1621 1086 1684 uidero
1116 1630 1184 1684 et
1215 1621 1425 1684 sciero
1457 1621 1523 1683 in
1555 1621 1798 1702 quibus
1828 1630 2003 1697 sunt,
2034 1622 2218 1683 omni
2255 1621 2577 1684 dilatione
2607 1617 3029 1703 postposita.'

796 1788 1039 1873 confido
1067 1797 1281 1851 autem
1314 1788 1385 1851 in
1415 1786 1715 1862 Domino,
1747 1788 2051 1869 quoniam
2080 1798 2144 1851 et
2171 1787 2300 1870 ipse
2326 1787 2447 1852 cito
2476 1787 2735 1852 ueniam
2763 1787 2864 1851 ad
2884 1809 3018 1854 uos,

799 1943 1042 2006 adiecit
1083 1952 1306 2007 autem
1350 1942 1668 2026 quoniam
1708 1951 1777 2006 et
1820 1942 1962 2026 ipse
2005 1940 2204 2007 ualde
2240 1941 2522 2006 credidit
2555 1942 2705 2005 Deo
2735 1941 2965 2006 uenire
3002 1943 3088 2008 ad

669 2062 801 2106 eos,
877 2044 1056 2107 unde
1094 2044 1340 2108 adiecit
1361 2064 1383 2108 z

800 2196 1221 2260 necessarium
1273 2207 1488 2259 autem
1541 2195 1920 2260 existimaui
1962 2195 2488 2278 Epaphroditum
2529 2197 2829 2280 fratrem
2886 2205 2951 2260 et
2998 2219 3095 2261 co-

566 2316 637 2381 15
666 2299 1032 2381 operarium
1078 2309 1141 2362 et
1182 2299 1671 2362 commilitonem
1724 2320 1951 2377 meum,
2014 2311 2301 2364 uestrum
2352 2311 2568 2363 autem
2625 2300 2981 2383 apostolum
3032 2313 3100 2366 et

668 2404 1047 2467 ministrnm
1108 2402 1546 2466 necessitatum
1606 2425 1898 2466 mearum
1958 2405 2211 2468 mittere
2266 2405 2363 2468 ad
2415 2426 2541 2480 uos,
2594 2427 2662 2468 eo
2706 2405 2882 2487 quod
2925 2406 3097 2470 desi-

666 2510 905 2573 derans
948 2517 1094 2570 erat
1138 2528 1354 2571 omnes
1403 2529 1516 2570 uos
1560 2518 1622 2571 et
1665 2519 1969 2571 aestuans
2011 2508 2248 2584 animo,
2293 2530 2361 2572 eo
2403 2509 2579 2590 quod
2611 2509 2898 2572 audistis
2939 2531 3097 2593 quo-

671 2611 852 2675 niam
902 2610 1281 2694 infirmatus
1336 2622 1442 2674 est.
1531 2610 1764 2674 etenim
1825 2610 2206 2693 infirmatus
2261 2621 2355 2674 est
2397 2622 2594 2693 prope
2643 2622 2928 2688 mortem,
2981 2613 3106 2677 sed

668 2713 851 2775 Deus
905 2713 969 2775 ei
1023 2712 1326 2776 misertus
1370 2723 1465 2776 est
1480 2736 1511 2788 ,·
1579 2734 1704 2775 non
1754 2712 1962 2775 solum
2021 2723 2237 2776 antem
2283 2713 2402 2787 illi,
2442 2713 2559 2776 sed
2597 2724 2660 2777 et
2709 2713 2849 2789 mei,
2894 2724 2972 2777 ut
3019 2735 3099 2777 ne

770 3060 798 3095 α
840 3046 1162 3098 Timotheum
1201 3046 1269 3095 H

673 3127 722 3189 6,
757 3145 829 3190 12,
866 3136 923 3190 13
957 3128 1110 3179 adicit
1156 3128 1250 3177 Cr

673 3211 817 3259 illum
852 3210 919 3258 H
1111 3223 1167 3274 ¹3
1201 3224 1293 3258 uos
1319 3207 1432 3271 (for
1447 3206 1553 3270 eos)
1583 3206 1650 3256 H

1478 3060 1506 3108 3
1541 3044 1667 3094 dixit
1701 3044 1770 3093 H

743 3436 788 3485 7.
854 3430 988 3485 spero
1035 3423 1292 3472 mittere
1315 3422 1584 3486 confestim]
1652 3424 1836 3487 ἐλπίζω

676 3504 905 3566 πέμψαι..
918 3504 1145 3563 ἐξαυτῆς.
1198 3504 1307 3553 Our
1321 3505 1587 3553 translator
1604 3504 1694 3554 has
1711 3505 1835 3569 kept

675 3583 759 3631 the
784 3582 931 3631 order
948 3581 1007 3631 of
1024 3583 1108 3631 the
1128 3583 1227 3633 Gk.
1237 3601 1252 3642 ς
1285 3583 1347 3632 es.
1375 3584 1440 3632 Ο.
1460 3584 1518 3632 L.
1540 3585 1834 3645 (Sabatia->2

675 3669 840 3712 “mox
864 3664 1035 3713 uidero
1054 3680 1181 3728 quae
1206 3666 1334 3714 circa
1357 3682 1438 3714 me
1461 3676 1573 3714 sunt
1596 3683 1656 3713 ex
1678 3666 1836 3730 zjfisass’

678 3749 930 3807 Rabanus,
961 3748 1075 3796 who
1107 3748 1244 3812 gives
1280 3750 1363 3798 the
1391 3749 1542 3813 Vulg.
1571 3751 1839 3814 rendering

678 3829 871 3892 (“mox
902 3837 954 3878 ut
992 3829 1163 3878 uidero
1182 3828 1246 3893 ”),
1283 3829 1373 3878 has
1406 3832 1628 3880 retained
1662 3832 1836 3895 consts-

675 3916 798 3971 τίνω
834 3915 883 3963 in
917 3915 995 3963 his
1025 3914 1241 3964 editions
1272 3915 1308 3963 it
1343 3914 1382 3963 is
1414 3915 1637 3978 prefixed
1671 3924 1723 3963 to
1752 3916 1837 3964 the

677 3996 935 4060 following
950 4005 1181 4045 sentence
1202 3998 1262 4055 (“
1273 3996 1530 4044 confestim
1547 3994 1838 4060 quoniam,'’

676 4079 806 4137 &c.),
830 4079 994 4127 where
1017 4078 1053 4126 it
1079 4078 1119 4125 is
1143 4078 1437 4133 redundant,
1464 4075 1665 4135 ἐξαυτῆς
1686 4078 1838 4141 being

676 4159 971 4224 sufficiently
1004 4159 1318 4223 represented
1354 4159 1421 4223 by
1461 4159 1651 4207 “omni
1691 4159 1828 4209 dilat.

676 4236 879 4304 postp.'’

747 4338 819 4380 ¹4·
870 4321 1221 4384 cooperarium]
1280 4321 1448 4385 Vulg,
1472 4327 1833 4385 cooperatorem.

676 4403 754 4450 Cf.
787 4402 1004 4461 Ronsch,
1034 4404 1184 4461 Itala,
1215 4418 1266 4467 p.
1300 4418 1318 4452 t
1330 4418 1405 4465 31.

747 4481 818 4532 16.
878 4483 1207 4531 necessitatum
1245 4483 1487 4545 mearum]
1554 4482 1640 4542 τῆς
1673 4484 1838 4544 χρείας

1498 3141 1523 3189 7
1559 3126 1765 3190 quidam
1798 3125 1867 3174 H

1836 3222 1899 3257 ἰο
1932 3206 2131 3257 tristitia
2154 3206 2244 3269 (ιο)
2268 3206 2335 3255 H

559 2838 647 2886 20
671 2821 1016 2884 tristitiam
1054 2830 1247 2902 super
1282 2818 1627 2883 tristitiam
1671 2817 1954 2882 habeam.

1955 3062 1986 3106 4
2020 3046 2332 3108 cognoscetis
2370 3042 2441 3093 C*
2466 3044 2535 3093 H

2112 3139 2156 3187 7,
2202 3140 2233 3191 9
2266 3124 2419 3174 adubi
2458 3126 2502 3175 C
2510 3124 2538 3149 ¹*
2561 3125 2630 3173 H

2719 3055 2748 3107 5
2782 3050 2974 3093 metum
3020 3043 3095 3095 C‘

2879 3140 2914 3191 9
2948 3126 3098 3178 uobis

1931 3441 2037 3484 μου.
2108 3426 2178 3475 So
2199 3424 2379 3480 below,
2408 3425 2486 3476 ch.
2515 3424 2579 3475 iv.
2617 3423 2689 3486 16,
2720 3425 2784 3476 εἰς
2803 3427 2895 3485 τὴν
2924 3427 3101 3488 χρείαν

1929 3523 2022 3565 μου
2067 3507 2107 3555 is
2152 3507 2394 3556 rendered
2438 3508 2510 3556 ad
2548 3523 2669 3556 usus
2713 3524 2853 3568 meos,
2904 3509 3092 3570 where,

1929 3587 2178 3648 however,
2209 3588 2387 3652 Chrys.
2413 3589 2556 3638 reads
2578 3590 2666 3638 τὰς
2687 3591 2867 3650 χρείας.

1995 3669 2273 3717 desiderans
2334 3670 2476 3731 erat]
2565 3671 2808 3729 ἐπιθυμῶν
2872 3667 2967 3729 vir:
3039 3687 3099 3721 so

1932 3748 1995 3799 O.
2028 3750 2087 3798 L.
2155 3752 2396 3800 Aestuare
2414 3752 2586 3800 animo
2608 3751 2651 3801 is
2683 3767 2715 3801 a
2748 3751 2959 3804 sorcible
2993 3755 3098 3805 and

1932 3830 2148 3895 perhaps
2171 3831 2381 3896 original
2407 3832 2697 3881 translation
2722 3833 2780 3882 of
2807 3834 3099 3896 ἀδημονεῖν;

1932 3910 2018 3960 the
2043 3911 2190 3960 Latin
2215 3913 2433 3962 versions
2457 3913 2573 3962 here
2597 3914 2696 3962 and
2722 3914 2774 3962 in
2808 3914 2894 3964 the
2927 3931 3098 3965 narra-

1931 3992 2032 4041 tive
2060 3993 2117 4040 os
2145 3993 2229 4042 the
2262 3994 2448 4058 Agony
2481 4010 2601 4058 vary
2623 3995 2850 4045 between
2885 4005 3101 4046 maestus

1932 4088 1990 4122 or
2010 4073 2246 4122 sollicitus
2266 4089 2360 4123 esse
2378 4074 2480 4123 and
2501 4076 2699 4123 taedere.

2004 4171 2075 4220 19.
2127 4155 2175 4203 ei
2192 4157 2418 4204 misertus
2438 4163 2522 4215 est,
2547 4157 2661 4219 δια]
2729 4157 2829 4207 For
2856 4158 2944 4208 the
2976 4174 3098 4210 con·

1932 4236 2172 4285 struction
2196 4253 2277 4286 see
2304 4238 2521 4298 Ronsch,
2551 4238 2697 4299 Itala,
2728 4254 2779 4303 p.
2800 4255 2859 4301 4¹
2866 4256 2914 4304 3.
2984 4241 3099 4292 The

1932 4317 2126 4382 change
2162 4327 2215 4368 to
2251 4319 2347 4367 mei
2376 4319 2419 4367 is
2452 4320 2682 4379 curious3
2711 4319 2814 4384 just
2847 4321 3015 4371 below
3043 4322 3097 4371 in

1933 4400 2019 4451 the
2057 4417 2240 4450 comm.
2278 4401 2334 4460 (1.
2364 4399 2440 4465 11)
2477 4401 2562 4451 the
2594 4401 2761 4452 dative
2794 4400 2838 4451 is
2870 4400 3099 4451 retained

1934 4484 1997 4543 (⁴⁴
2012 4482 2175 4532 ei...et
2199 4483 2323 4533 mihi
2346 4490 2396 4532 et
2418 4483 2493 4532 illi
2512 4482 2578 4543 ’').
