3293 5233
336 395 449 460 IV.
484 396 610 481 24]

1150 413 1232 463 rN
1284 413 1385 463 ΕΡ.
1434 414 1535 463 AD
1580 412 1933 467 GALATAS.
2659 412 2744 479 79

329 585 694 653 secundum
748 587 1086 654 Christum
1141 594 1260 663 est,
1315 585 1497 650 illam
1554 607 1728 668 quae
1784 605 1904 668 per
1960 585 2248 668 gratiam
2298 585 2596 669 peperit;
2660 606 2741 649 eo

327 689 509 772 quod
559 699 628 754 et
674 691 1013 754 uerissime
1058 689 1371 773 impletur
1418 689 1483 752 in
1545 689 1674 752 illis
1726 689 1838 771 qui
1893 688 2099 752 semel
2152 690 2584 752 resurrexisse
2645 691 2740 752 ui-

329 790 588 865 dentur,
635 790 748 873 qui
798 811 918 874 per
951 792 1237 873 gratiam
1285 799 1550 874 praeter
1592 810 1865 854 omnem
1907 810 2098 873 spem
2147 789 2512 854 secundam
2555 789 2759 853 illam'

329 901 694 973 expectant
745 892 1189 956 natiuitatem.

1279 893 1369 957 ob
1421 893 1595 955 hanc
1650 892 1851 975 igitur
1903 893 2149 957 edixit:
2215 911 2379 973 quae
2421 900 2580 954 sunt
2618 901 2746 972 per

325 990 707 1072 allegoriam
781 993 1000 1056 dicta:
1072 990 1531 1077 †allegoriam
1608 1015 1856 1057 uocans
1924 993 2108 1058 illam
2171 994 2801 1075 comparationem5

329 1114 501 1175 quae
547 1116 635 1158 ex
685 1095 939 1159 dudum
986 1096 1175 1159 sactis
1214 1097 1497 1178 negotiis
1539 1097 1909 1180 comparari
1956 1105 2220 1180 poterat
2258 1097 2384 1161 illis
2425 1100 2597 1178 qua'e
2650 1098 2738 1161 ad

329 1215 643 1276 praesens
687 1195 900 1260 sunt*
990 1199 1166 1261 unde
1203 1207 1268 1261 et
1299 1198 1504 1263 adicit

456 1322 612 1386 haec
636 1334 852 1387 autem
880 1336 1042 1390 sunt
1061 1326 1186 1389 duo
1216 1334 1592 1390 testamenta
1615 1349 1646 1400 ,·
1693 1347 1898 1390 unum
1929 1325 2186 1409 quidem
2230 1346 2275 1389 a
2304 1336 2516 1389 monte
2547 1325 2736 1405 Sina,

328 1427 400 1491 in
427 1428 804 1492 seruitutem
828 1450 1165 1511 generans,
1196 1450 1363 1511 quae
1387 1439 1483 1492 est
1507 1429 1722 1510 Agar.

461 1554 629 1618 tales
677 1558 926 1620 etenim
976 1565 1147 1621 sunt.
1239 1557 1327 1619 ad
1375 1555 1536 1618 illud
1585 1564 1809 1619 autem
1860 1555 2032 1620 redit
2081 1555 2262 1638 quod
2317 1555 2536 1619 dixit:
2579 1575 2744 1637 quac
2776 1581 2853 1628 10

324 1665 480 1720 sunt
492 1667 619 1738 per
644 1657 1024 1739 allegoriam
1047 1658 1252 1731 dicta,·
1287 1666 1358 1720 ut
1391 1657 1502 1721 sit:
1533 1657 1724 1720 ‘haec
1757 1658 1933 1720 enirn
1967 1668 2121 1720 sunt
2153 1659 2289 1722 duo
2320 1667 2740 1734 testamenta,

327 1784 497 1845 quae
529 1772 682 1826 sunt
715 1783 833 1845 per
860 1762 1246 1844 allegoriam
1279 1762 1492 1845 dicta!
1561 1761 1709 1824 uult
1742 1770 1968 1825 autem
2009 1761 2228 1824 dicere
2258 1762 2575 1844 quoniam
2622 1783 2765 1845 per·

326 1864 714 1947 allegoriam
775 1863 1066 1927 similare
1115 1865 1360 1947 poterit
1412 1865 1561 1946 quis
1613 1863 1742 1925 illis
1792 1862 2074 1940 duobuS,
2127 1862 2193 1925 id
2256 1873 2381 1941 est,
2432 1863 2625 1946 Agar
2671 1874 2737 1926 et

330 1966 584 2040 Sarrae,
614 1966 750 2029 duo
782 1975 1224 2044 testamenta;
1273 1967 1365 2029 ita
1398 1974 1470 2028 ut
1501 1966 1587 2028 sit
1632 1964 1826 2047 Agar
1870 1964 2140 2046 quidem
2189 1965 2254 2027 in
2302 1966 2532 2029 ordine
2579 1966 2738 2048 legi·

329 2070 642 2131 timorum
676 2078 1199 2151 praeceptorum,
1233 2067 1389 2150 quia
1420 2068 1622 2131 etiam
1670 2066 1784 2129 lex
1831 2068 1994 2131 data
2039 2075 2142 2131 est
2188 2067 2253 2128 in
2296 2077 2524 2131 monte
2559 2067 2735 2132 Sina.
2776 2097 2843 2162 15

1552 2169 1642 2231 illi
1706 2169 1886 2232 enim
1937 2171 2052 2251 qui
2100 2169 2226 2232 sub
2268 2168 2416 2250 lege
2462 2190 2736 2233 conuer-

326 2180 601 2251 generat
650 2180 876 2233 autem
930 2171 996 2233 in
1050 2171 1459 2234 seruitutem.

325 2280 558 2334 santur
616 2272 681 2334 in
742 2274 975 2336 ordine
1023 2293 1363 2336 seruorum
1414 2282 1482 2335 et
1535 2280 1895 2354 praecepta
1954 2271 2290 2354 accipiunt
2350 2280 2419 2336 et
2473 2270 2734 2355 legem;

455 2474 932 2564 ἅλληὙορίαν
971 2480 1282 2546 ἐκάλεσεν
1321 2478 1436 2563 τὴν
1475 2479 1546 2544 ἐκ
1589 2476 2010 2564 παραθέσεως
2055 2479 2183 2543 τῶν
2225 2475 2344 2559 ἤδη
2388 2474 2741 2560 «γεγονότων

322 2579 488 2667 πρὸς
517 2580 602 2647 τὰ
628 2580 918 2668 παρόντα
947 2582 1301 2669 σύγκρισιν.

421 2753 453 2797 4
486 2750 540 2783 se
561 2735 685 2785 dixit
715 2735 784 2784 C*
809 2736 989 2784 Hesse
1013 2737 1063 2785 d.
1094 2738 1136 2786 C
1158 2739 1305 2798 (corr)

1460 2749 1519 2785 10
1553 2734 1688 2784 enim
1712 2734 1825 2798 (sor
1845 2733 2049 2787 etenim)
2074 2735 2141 2783 H

2267 2749 2324 2797 14
2359 2734 2410 2782 in
2433 2734 2658 2783 ordinem
2682 2734 2749 2782 H

330 2820 387 2868 18
422 2819 574 2867 Coisl.
603 2834 697 2881 204
720 2819 812 2868 l-c.
870 2821 1098 2882 θεὸδωρος
1122 2819 1316 2885 (marg.)
1342 2820 1420 2869 καὶ
1446 2820 1594 2868 ἄλλος
1617 2819 1686 2867 δέ·
1724 2819 1837 2866 ἀλλ.
1867 2815 2054 2880 (φησὶν)
2080 2817 2309 2865 ἐκάλεσεν
2333 2819 2484 2865 κ.τ.λ.

391 2982 437 3030 5.
516 2969 798 3032 allegoriam
843 2968 1041 3029 uocans]
1121 2970 1218 3018 See
1257 2978 1375 3019 note
1414 2985 1480 3017 on

325 3063 373 3114 P·
403 3062 480 3112 73.
509 3048 542 3097 1.
571 3064 647 3112 27·

388 3133 434 3181 8.
517 3133 631 3181 haec
662 3139 824 3181 autem
854 3139 986 3188 sunt,
1013 3132 1128 3194 δια]
1199 3133 1311 3182 The
1346 3148 1479 3182 com·

324 3221 460 3264 ment
490 3214 665 3262 “tales
688 3214 871 3263 etenim
896 3222 1009 3262 sunt
1026 3213 1055 3234 ''
1079 3230 1237 3263 seems
1260 3225 1312 3262 to
1343 3215 1480 3263 shew

323 3294 431 3345 that
464 3294 562 3343 Th.
602 3294 842 3358 regarded
882 3294 1025 3343 αὗται
1061 3311 1116 3342 as
1159 3294 1394 3357 referring
1428 3302 1480 3343 to

326 3375 500 3438 Hagar
539 3376 639 3423 and
682 3375 855 3424 Sarah.
933 3375 1044 3424 The
1084 3376 1348 3424 translator
1390 3375 1480 3423 has

322 3457 554 3508 however
597 3458 818 3507 retained
862 3457 976 3505 haec
1018 3458 1144 3506 from
1196 3458 1278 3508 the
1331 3459 1479 3508 Latin

321 3541 560 3594 versions.
597 3540 804 3589 without
852 3539 1136 3604 perceiving
1172 3541 1259 3590 the
1298 3541 1478 3590 discre-

323 3636 483 3684 pancy
512 3621 625 3670 thus
659 3621 1208 3672 introduced-between
1243 3631 1344 3673 text
1378 3625 1478 3672 and

323 3712 588 3753 comment.
676 3701 919 3767 Possibly,
943 3700 1192 3761 however,
1217 3707 1338 3755 both
1362 3706 1479 3755 here

322 3782 420 3830 ancl
445 3783 496 3830 in
522 3783 605 3831 the
630 3784 691 3832 O.
727 3785 804 3842 L.,
833 3784 946 3832 haec
970 3785 1010 3833 is
1033 3785 1241 3834 another
1267 3785 1391 3834 form
1427 3786 1487 3835 os

321 3863 407 3912 the
441 3878 576 3910 nom.
613 3863 684 3927 pl.
719 3864 834 3913 sem.
863 3880 879 3923 ς
925 3881 1006 3913 see
1043 3866 1239 3930 Bensly,
1279 3867 1356 3916 M.
1399 3868 1472 3926 F„

321 3956 374 4004 p.
397 3938 478 4001 64,
509 3949 643 3990 note.

395 4038 464 4071 11.
528 4028 586 4070 ut
604 4025 684 4080 sit,
708 4022 821 4083 δια]
884 4022 938 4070 ἵν’
968 4020 1017 4084 ᾖ·
1053 4021 1195 4072 αὗται
1229 4025 1329 4087 γάρ
1363 4027 1481 4075 εἰσιν

322 4107 407 4153 δύο
430 4106 651 4162 διαθῆκαι
678 4107 1094 4165 ἀλληγορούμεναι
1119 4108 1192 4166 (Ρ).

394 4200 410 4232 ι
424 4200 470 4248 3.
531 4171 1022 4245 ᾰιιοὸιιηὲᾱιιαϋιιει
1079 4187 1296 4247 Ronsch,
1325 4187 1474 4247 Itala,

322 4283 370 4331 P·
407 4278 515 4328 277·

394 4362 410 4394 ι
426 4362 468 4408 7.
530 4345 586 4392 in
608 4345 778 4392 ordine
796 4344 1071 4405 seruorum]
1141 4346 1210 4394 So
1232 4361 1298 4394 on
1326 4347 1472 4394 Rom.

323 4428 427 4476 viii.
476 4442 531 4486 15
569 4427 666 4476 Th.
709 4426 958 4475 remarks:
1012 4427 1121 4488 περὶ
1157 4429 1256 4489 ’γὰρ
1293 4430 1388 4475 τῶν
1432 4430 1483 4476 ἐν

328 4510 453 4568 νόμῳ
475 4511 608 4569 λέγει
635 4509 709 4555 καὶ
738 4509 786 4556 ἐν
808 4507 870 4569 τῇ
895 4511 1010 4571 πρὸς
1035 4509 1270 4566 Γαλάτας,
1297 4513 1368 4557 ὅτι
1399 4515 1483 4568 μὶα

1578 2967 1668 3026 μὲν
1708 2965 1805 3013 ἀπὸ
1835 2964 1971 3026 ὅρους
2004 2965 2124 3012 Σινᾶ.
2156 2965 2220 3013 εἰς
2253 2963 2469 3012 δουλείαν
2499 2964 2736 3024 γεννῶσα·

1581 3050 1777 3096 δούλους
1813 3048 1922 3096 τοὺς
1961 3048 2009 3094 ἐν
2047 3048 2171 3105 νόμῳ
2208 3047 2472 3105 παραθέσει
2523 3047 2619 3091 τῶν
2653 3046 2738 3091 τοῦ

1578 3131 1843 3189 μέλλοντος
1869 3131 2031 3178 αἰῶνος
2058 3130 2233 3176 καλῶν.
2291 3129 2456 3185 ἐπειδὴ
2490 3124 2618 3175 οὖτοι
2650 3129 2739 3186 μὲν

1581 3213 1675 3262 ὑπὸ
1710 3214 2071 3274 προστάγματα
2105 3211 2249 3270 ὄντες,
2295 3208 2329 3270 ἢ
2362 3211 2738 3274 παραβαίνοντες

1580 3294 1892 3353 ἐτιμωροῦντο
1910 3294 1940 3352 ἢ
1962 3295 2285 3355 φυλάττοντες
2302 3294 2595 3342 ἐπαινοῦντο·
2618 3293 2737 3351 ὅπερ
2826 3339 2835 3348 .

1579 3371 1664 3423 οὖν
1684 3378 1780 3422 τῶν
1803 3376 1983 3423 δούλων
2005 3376 2119 3423 ἴδιον
2141 3375 2257 3423 εἶναι
2280 3376 2594 3435 συμβέβηκεν.

1646 3456 1893 3506 Lanfranc
1940 3456 2029 3505 has
2073 3457 2314 3506 collected
2362 3457 2444 3505 the
2500 3472 2640 3505 sense
2686 3455 2744 3505 of

1579 3529 1722 3586 Th.’s
1745 3554 1926 3587 comm.
1952 3554 2017 3586 on
2042 3556 2088 3585 v.
2115 3554 2195 3599 24,
2213 3537 2373 3602 partly
2396 3538 2448 3586 in
2466 3539 2550 3587 the
2573 3537 2740 3586 words

1579 3619 1638 3668 os
1671 3637 1763 3669 our
1801 3620 2029 3670 version:
2084 3621 2278 3684 “Agar
2315 3621 2495 3670 ancilla
2539 3621 2739 3684 pariens

1579 3704 1850 3751 secundum
1885 3719 2026 3752 usum
2060 3711 2265 3751 naturae
2298 3702 2539 3766 significat
2575 3703 2735 3765 legem

1579 3799 1730 3847 quam
1756 3792 1922 3832 tenere
1945 3784 2129 3832 habent
2159 3787 2241 3847 qui
2278 3784 2329 3831 in
2364 3784 2455 3832 hac
2490 3784 2592 3832 uita
2626 3799 2734 3831 nas-

1580 3874 1757 3915 cuntur
1778 3867 2047 3914 secundum
2071 3865 2377 3929 sequentiam
2402 3874 2622 3922 naturae,
2650 3863 2735 3927 qui

1579 3950 1729 3996 etiam
1756 3947 1850 3994 sub
1873 3947 1982 4009 lege
2005 3948 2329 3995 uersabantur
2351 3946 2401 3993 in
2428 3946 2603 3993 ordine
2637 3961 2732 3992 ser·

1579 4045 1795 4086 uorum:
1850 4029 1972 4077 Sara
2011 4037 2176 4077 autem
2223 4044 2351 4091 quae
2394 4042 2482 4091 per
2524 4026 2734 4089 gratiam

1581 4109 1788 4172 peperit,
1832 4109 1942 4157 illos
1981 4110 2066 4172 qui
2102 4110 2151 4155 in
2188 4108 2385 4156 Christo
2419 4106 2736 4155 resurrexisse

1579 4192 1811 4239 uidentur
1845 4207 1932 4255 per
1965 4188 2191 4253 gratiam.
2234 4191 2318 4252 qui
2358 4190 2507 4238 etiam
2543 4198 2737 4252 praeter

1580 4289 1719 4336 spem
1746 4283 1949 4322 naturae
1972 4274 2238 4320 secundam
2263 4279 2524 4334 expectant
2556 4270 2732 4319 natiui-

1582 4361 1751 4409 tatem‚
1781 4353 1960 4415 quibus
1997 4353 2097 4400 iam
2120 4353 2429 4401 circumcisio
2463 4361 2510 4402 et
2546 4352 2734 4401 oblatio

1583 4433 1934 4483 sacrificiorum
1959 4449 2263 4497 superuacua
2285 4432 2408 4482 est.”
