3293 5233
310 365 361 429 Ι.
403 364 523 450 16.]
1046 380 1130 431 IN
1178 382 1281 433 ΕΡ.
1327 382 1430 433 AD
1476 383 1996 437 COLossENSEs.
2593 373 2719 453 267

303 572 571 616 carnem
617 561 719 618 est
767 552 1084 632 ChristuS,
1128 565 1196 620 et
1243 565 1543 640 tempore
1588 558 2070 641 primogenitus
2118 558 2359 623 dicitur
2400 559 2722 624 ueraciter

302 654 508 718 totius
545 665 887 720 creaturae
932 678 1105 740 quae
1152 659 1217 721 in
1266 658 1453 722 illum
1496 659 1675 724 facta
1716 670 1836 736 est,
1879 661 1965 725 de
2002 681 2135 745 qua
2187 662 2425 725 beatus
2475 662 2720 727 Paulus

301 753 429 817 hoc
474 756 541 817 in
590 755 737 820 loco
785 758 1053 822 uidetur
1090 761 1357 825 dixisse.
1447 761 1626 826 unde
1671 769 1740 826 et
1786 762 1946 826 illud
1999 763 2181 847 quod
2226 763 2441 827 dixit:
2469 765 2723 847 primo-

291 858 556 939 genitus
601 862 799 925 totius
831 873 1161 926 creaturae
1202 864 1640 946 interpretans
1679 866 1960 930 adiecit:

431 1013 736 1093 quoniam
778 1014 849 1078 in
892 1015 1024 1097 ipso
1058 1028 1271 1080 creata
1314 1028 1471 1082 sunt
1510 1018 1751 1084 omnia.

433 1145 621 1229 †non
664 1152 839 1216 dixit
860 1165 986 1237 per
1019 1154 1245 1236 zpsum,
1279 1155 1394 1217 sed
1438 1153 1509 1217 in
1556 1155 1705 1236 ipsa.
1796 1175 1914 1218 nec
1958 1154 2134 1217 enim
2175 1153 2261 1217 de
2299 1135 2514 1236 prima
2558 1155 2721 1218 dicit

305 1260 622 1328 creatura,
654 1255 772 1317 sed
812 1255 993 1319 illam
1035 1267 1372 1320 creaturae
1421 1256 1907 1338 reparationem
1950 1276 2120 1339 quae
2162 1256 2224 1317 in
2271 1277 2350 1319 eo
2383 1255 2557 1319 facta
2598 1265 2718 1333 est,

305 1358 669 1421 secundum
732 1380 931 1442 quam
994 1361 1221 1423 omnia
1281 1359 1534 1423 dudum
1576 1360 1916 1443 ‚dissoluta
1965 1360 2030 1421 in
2092 1379 2296 1422 unum
2357 1368 2512 1423 sunt
2562 1380 2720 1423 con-

305 1480 572 1523 sensum
620 1462 980 1544 perducta;
1028 1464 1218 1526 sicuti
1273 1473 1341 1526 et
1400 1462 1557 1526 alibi
1618 1463 1820 1527 dicit:
1893 1462 2313 1544 recapitulare
2368 1462 2590 1527 omnia
2647 1465 2720 1528 in

311 1560 584 1639 Christe,
616 1586 778 1645 quae
823 1565 892 1627 in
932 1565 1125 1627 caelis
1166 1576 1323 1628 sunt
1358 1575 1421 1628 et
1458 1585 1619 1647 quae
1661 1577 1852 1648 super
1889 1568 2197 1629 terram*

436 1677 708 1747 propter
737 1666 1083 1730 hominum
1116 1669 1362 1731 etenim
1396 1667 1721 1731 malitiam
1748 1668 1982 1744 omniS,
2007 1678 2079 1731 ut
2104 1669 2198 1732 ita
2216 1666 2522 1743 dixerim,
2541 1690 2720 1733 crea-

306 1779 454 1833 tura
486 1770 808 1853 disrumpi
841 1771 1209 1836 uidebatur.
1298 1771 1691 1834 auertebant
1728 1770 1905 1833 enim
1949 1792 2021 1835 se
2065 1792 2106 1835 a
2150 1773 2344 1837 nobis
2388 1773 2607 1856 angeli
2653 1782 2721 1839 et

437 1946 554 2015 οὐκ
596 1947 775 2016 εἶπεν
821 1948 906 2015 δι’
951 1952 1201 2029 αὐτοῦ,
1247 1948 1401 2016 ἀλλ’
1449 1951 1519 2015 ἐκ
1555 1949 1742 2034 αἰτῷ
1789 1947 1860 2014 οὗ
1905 1948 2029 2036 ’γὰρ
2075 1948 2192 2030 τὴν
2235 1949 2504 2035 πρώτην
2539 1949 2720 2035 λένγει

306 2054 535 2131 κτίσιν,
580 2050 764 2116 ἀλλὰ,
812 2053 925 2132 τὴν
957 2053 1023 2117 ἐν
1067 2050 1245 2140 αὐτῷ
1290 2051 1632 2133 ’γενομένην
1679 2048 2039 2130 ἀνάκτισιν,
2073 2050 2218 2116 καθ’
2265 2048 2343 2133 ἢν
2388 2050 2473 2116 τὰ
2503 2051 2720 2117 πάντα

307 2152 739 2236 διαλελυμένα
798 2154 884 2225 εἰς
944 2153 1329 2240 συμφωνίαν
1372 2152 1549 2240 ἤχθη
1608 2153 1780 2235 μίαν,
1834 2152 1918 2221 ὥς
1967 2153 2074 2221 καὶ
2136 2152 2438 2243 ἀλλαχοῦ
2497 2153 2719 2240 φησίν·

305 2259 941 2335 ἄωακεφαλαιώεαεθαι
975 2260 1046 2323 τὰ
1092 2262 1292 2324 neimo.
1325 2259 1394 2323 ἐκ
1431 2257 1681 2344 Χριστῷ,
1714 2260 1787 2322 τά
1818 2282 1887 2323 τε
1919 2257 1990 2323 ἐκ
2025 2255 2153 2323 τοῖο
2186 2256 2471 2344 οῨΡαΝοῖο
2512 2256 2599 2323 καὶ
2646 2261 2719 2322 τά

308 2359 410 2427 ἐπὶ
444 2370 558 2426 τῆς
593 2369 719 2435 Γίὶε.

409 2541 427 2575 1
466 2532 541 2575 est
563 2541 639 2573 om
659 2525 727 2573 H
921 2543 952 2586 4
986 2524 1138 2573 adicit
1168 2523 1211 2573 C
1273 2523 1414 2572 addit
1439 2539 1470 2571 r
1701 2535 1725 2585 7
1762 2522 2130 2587 separationem
2158 2521 2228 2571 C*
2254 2523 2321 2572 H
2333 2540 2365 2572 r
2579 2539 2611 2592 9
2645 2540 2719 2574 re-

302 2606 562 2671 capitulari
589 2622 620 2654 r
875 2620 930 2667 13
955 2622 1027 2669 sq.
1067 2605 1219 2654 Coisl.
1253 2620 1364 2662 204,
1390 2604 1420 2657 ἱ.
1460 2603 1549 2666 146
1571 2603 1607 2652 b
1630 2604 1736 2665 [Cr.
1768 2605 1834 2653 vi.
1862 2606 1971 2668 308,
2004 2603 2088 2652 Fr.
2118 2603 2230 2666 142]
2297 2603 2525 2665 θεόδωρος
2555 2606 2607 2654 δὲ
2641 2606 2719 2654 καὶ

301 2691 483 2748 ταύτην
504 2687 800 2747 πλημμελῶς
821 2688 1065 2746 ἐξηγεῖται
1088 2688 1177 2743 τὴν
1199 2686 1339 2747 ῥῆσιν
1360 2687 1577 2744 φάσκων·
1613 2687 1698 2732 οὐκ
1723 2685 1870 2743 εἶπεν,
1900 2686 2257 2734 κ.τ.λ.......ὄτι
2279 2687 2332 2734 δὲ
2353 2690 2509 2735 ταῦτα
2533 2689 2722 2736 παύλου

304 2771 392 2817 τοῦ
412 2771 723 2827 σαμοσατέως
747 2769 896 2829 φησὶν
918 2768 1038 2816 εἶναι
1060 2766 1086 2815 ὁ
1105 2768 1337 2828 μακάριος
1360 2767 1571 2825 ἰωάννης,
1597 2767 1869 2825 φθάσαντες
1891 2767 2211 2827 παρεθέμεθα.

306 2921 444 2980 view,
495 2919 726 2983 Amphil.
779 2917 894 2968 162:
930 2916 1014 2977 τῆς
1050 2915 1460 2976 ἀνακαινισθείσης
1562 2918 1774 2977 Sachau,
1803 2934 1854 2982 p.
1885 2929 2032 2977 ,ΩΔ
2058 2917 2177 2982 (14),
2201 2920 2300 2968 and
2332 2920 2416 2969 the
2443 2936 2624 2970 comm.
2652 2937 2720 2970 on

302 3004 498 3052 κτίσεως
548 3004 689 3062 λέγει
737 2999 1036 3065 πρωτότοκον
1091 2999 1175 3048 τὸν
1227 2999 1453 3062 Χριστόν.

303 3087 493 3148 Meyer,
531 3084 657 3133 from
692 3084 859 3133 whom
896 3084 921 3132 1
958 3084 1154 3132 borrow
1193 3083 1277 3132 the
1315 3082 1458 3131 reser-

300 3184 422 3217 ence
459 3177 512 3218 to
555 3167 666 3222 Ph„
702 3166 921 3215 remarks
959 3166 1065 3214 that
1102 3166 1184 3214 the
1224 3165 1459 3213 Socinian

299 3250 617 3313 interpreters
656 3249 825 3297 follow
864 3247 1129 3296 Theodore
1171 3247 1360 3303 herem,
1405 3263 1459 3296 as

297 3332 411 3379 well
457 3347 511 3380 as
551 3330 602 3379 in
642 3329 1036 3392 understanding
1074 3326 1370 3389 πρωτότοκος
1409 3326 1467 3375 of

298 3413 475 3477 simple
500 3411 862 3476 preeminence.

364 3510 410 3557 5.
467 3495 659 3556 omnia]
733 3494 883 3556 Vulg.
903 3493 1141 3540 uniuersa
1164 3489 1243 3549 (τὰ
1264 3489 1456 3553 πάντα).

363 3577 411 3627 6.
479 3594 578 3625 non
646 3576 782 3624 dixit
854 3578 967 3638 ‘per
1019 3571 1218 3637 ipsumss
1273 3573 1356 3621 sed
1404 3573 1456 3622 in

294 3660 427 3724 ipso]
506 3660 696 3723 Thpht.
743 3674 809 3706 on
855 3658 939 3705 the
982 3666 1244 3719 contraryz
1300 3654 1357 3703 τὸ
1400 3657 1457 3703 ἐν

298 3739 449 3801 αὐτῷ
506 3739 611 3789 α’ντὶ
676 3737 765 3787 τοῦ
821 3737 912 3786 ’δι’
967 3735 1143 3797 adv-0132
1201 3738 1260 3787 ὡς
1318 3736 1457 3787 αὐτὸς

295 3819 466 3882 ἐφεξῆς
510 3821 950 3883 &iffa-referring
993 3828 1045 3869 to
1089 3818 1150 3867 τὰ
1192 3817 1351 3867 πάντα
1398 3819 1456 3867 δι’

294 3898 441 3951 αὐτοῦ
494 3904 706 3949 ἔκτισται
752 3901 929 3959 below,
979 3900 1143 3948 where
1188 3916 1269 3948 see
1314 3899 1454 3948 Th.’s

295 3991 546 4032 comment
589 3983 687 4030 and
733 3992 868 4030 note.
950 3981 1288 4042 Consistcntly
1332 3980 1453 4029 with

294 4064 380 4113 the
406 4064 693 4113 distinction
717 4063 881 4111 which
914 4062 975 4110 he
1006 4062 1121 4109 here
1152 4062 1330 4116 draws,
1355 4062 1452 4110 Th.

295 4146 469 4209 rejects
506 4147 590 4195 the
623 4146 899 4193 connexion
936 4142 965 4192 o‘
998 4145 1202 4204 γέγονεν
1240 4145 1291 4191 ἐν
1329 4139 1461 4204 αὐτῷ

293 4230 347 4278 in
374 4230 426 4279 S.
450 4229 584 4292 John
608 4228 641 4276 i.
670 4244 697 4289 3
723 4226 806 4286 (cs.
832 4226 1022 4289 Migne.
1051 4224 1182 4290 729).

365 4323 409 4371 7.
467 4308 820 4371 raparationem
865 4323 991 4370 quac
1026 4306 1081 4354 in
1117 4322 1166 4354 eo
1186 4306 1330 4369 sacta
1363 4305 1451 4365 est]

292 4392 395 4439 For
440 4390 696 4454 reparatio,
743 4405 823 4437 see
868 4390 996 4437 lexx.
1037 4404 1074 4434 s.
1096 4405 1175 4446 v.;
1232 4389 1329 4436 ancl
1377 4387 1452 4436 for

293 4470 435 4523 Th.‘s
479 4471 703 4520 doctrine
742 4469 799 4518 of
839 4469 922 4518 the
967 4484 1077 4517 new
1121 4468 1340 4517 creation
1386 4469 1448 4517 cf.

1561 3000 1645 3049 the
1683 3008 1785 3049 text
1821 3001 1975 3065 (Eph.
2005 3002 2039 3049 i.
2079 3003 2155 3060 10)
2192 3010 2244 3048 to
2273 3001 2435 3050 which
2469 3002 2533 3051 he
2566 3002 2717 3052 refers

1555 3080 1659 3143 just
1681 3081 1859 3141 below,
1889 3083 2053 3132 where
2077 3098 2157 3131 see
2181 3090 2340 3130 notes.

1626 3178 1676 3227 9.
1734 3165 2075 3228 recapitulare]
2145 3164 2240 3213 See
2296 3179 2347 3227 p.
2412 3166 2517 3219 128,
2574 3163 2609 3212 l·
2667 3162 2716 3223 6,

1560 3253 1696 3293 note.
1736 3248 1871 3307 Quae
1891 3254 2037 3307 super
2056 3252 2242 3294 terram
2275 3243 2352 3307 (τὰ
2373 3247 2453 3293 ἐπὶ
2476 3242 2559 3305 τῆς
2580 3242 2716 3309 Ύῆς);

1561 3342 1617 3374 so
1644 3325 1865 3387 Iren.¹¹¹‘·,
1893 3328 2134 3375 Victorin.
2188 3327 2367 3375 Above
2393 3327 2462 3390 (p.
2493 3330 2602 3389 128)
2627 3344 2717 3377 our

1560 3407 1825 3456 translator
1861 3408 2054 3457 follows
2100 3408 2184 3457 the
2225 3407 2375 3472 Vulg.
2422 3408 2474 3472 (⁸⁸
2492 3426 2619 3473 quae
2664 3410 2716 3459 in

1559 3486 1763 3550 terra'’).

1631 3582 1705 3616 12.
1772 3568 2055 3616 auerte-bant
2087 3568 2219 3617 enim
2252 3584 2315 3625 se,
2351 3569 2464 3631 ἃς]
2532 3571 2716 3635 Comp.

1558 3647 1698 3697 Th.'s
1732 3666 1913 3697 comm.
1949 3665 2015 3698 on
2053 3650 2202 3699 Rom.
2237 3650 2340 3699 viii.
2385 3666 2439 3715 19
2480 3651 2628 3714 (cited
2665 3653 2717 3701 in

1557 3742 1668 3794 part
1702 3732 1861 3779 above
1907 3748 1956 3794 p.
2001 3746 2104 3795 129,
2151 3732 2185 3779 l.
2227 3748 2301 3792 14,
2338 3735 2502 3794 note):
2549 3732 2718 3792 ἐπειδὴ

1558 3810 1773 3873 παραβὰς
1799 3811 1965 3869 θνητὸς
1991 3814 2184 3872 ἐγένετο
2210 3812 2282 3860 δαὶ
2305 3810 2387 3870 τῆς
2409 3811 2714 3871 ἀποφάσεως,

1557 3893 1813 3958 ἐχωρίζετό
1834 3912 1890 3942 τε
1917 3892 1975 3943 ὠς
2006 3894 2124 3944 εἰκὸς
2149 3894 2179 3954 ἡ
2205 3894 2340 3956 ψυχὴ
2366 3893 2451 3941 τοῦ
2476 3894 2707 3953 σώματος,

1556 3979 1632 4022 καὶ
1669 3976 1695 4023 ὁ
1736 3979 2027 4036 μηχανηθεὶς
2074 3976 2151 4024 διὰ.
2190 3976 2276 4024 τοῦ
2318 3974 2561 4037 ἀνθρώπου
2603 3974 2712 4023 σύν·

1556 4060 1724 4116 δεσμος
1780 4057 1864 4118 τῆς
1918 4061 2113 4109 κτίσεως
2170 4058 2398 4107 διελύετο·
2451 4058 2604 4119 τούτῳ
2648 4057 2721 4120 τῷ

1553 4138 1717 4202 τρόπῳ
1739 4138 2183 4204 ἐσκυθρώπαζον
2210 4143 2265 4187 αἱ
2289 4144 2489 4199 νοηταί
2515 4139 2714 4201 φύσεις

1553 4223 1634 4269 ἐπὶ
1662 4224 1759 4269 τοῖς
1785 4224 2081 4283 γιγνομένοις
2088 4261 2204 4271 ......
2213 4220 2271 4270 ὠς
2303 4223 2353 4269 δὲ
2384 4225 2461 4270 καὶ
2489 4219 2572 4269 τοῦ
2601 4212 2712 4283 χρο-

1553 4323 1634 4352 νου
1661 4305 1902 4366 προϊόντος
1929 4307 1972 4352 οὶ
2000 4302 2199 4363 καθεξῆς
2228 4307 2466 4366 ἄνθρωποι
2492 4302 2714 4362 μειζόνως

1552 4388 1632 4433 ἐπὶ
1687 4385 1745 4435 τὸ
1799 4389 1960 4448 χεῖρον
2018 4389 2354 4449 προβαίνοντες
2408 4389 2712 4446 ἑπέσφιγγον

1552 4470 1733 4516 iam—015
1771 4466 1854 4515 τοῦ
1890 4469 2098 4517 θανάτου
2134 4466 2220 4527 τὴν
2253 4467 2512 4528 ἀπόφασιν,
2553 4466 2713 4515 πάντα

2755 1590 2833 1638 10
