3293 5233
327 380 416 444 11.
460 396 554 462 15,
596 381 712 465 16.]
1142 395 1220 445 m
1273 396 1376 447 ΕΡ.
1422 397 1524 449 AD
1570 396 1921 451 GALATAs.
2655 399 2726 462 3¹

326 561 570 643 quibus
612 565 819 628 etiam
851 573 922 628 et
967 565 1033 627 in
1080 564 1300 629 futura
1343 585 1465 629 nos
1506 567 1995 631 continebimus
2028 568 2183 643 uita,
2215 587 2365 632 cum
2401 566 2632 641 mult0,
2663 574 2737 629 ut

327 660 430 726 fas
478 674 599 742 est,
652 666 878 730 studio
932 666 1293 749 perfectam
1347 668 1696 731 caritatem
1752 679 1819 733 et
1869 691 2027 752 erga
2078 670 2422 752 proximos
2468 676 2535 733 et
2581 686 2737 749 erga

331 765 554 831 Deum
616 788 737 832 nos
798 768 1043 833 habere
1104 770 1250 851 ipso
1310 790 1512 852 opere
1573 774 2019 837 ostendentes
2130 775 2735 857 concupiscentiam

327 881 556 935 autem
598 880 863 955 turpem
906 893 1122 954 neque
1167 873 1231 934 in
1279 894 1474 936 sensu
1524 886 1752 939 nostro
1798 876 1970 941 ultra
2015 878 2310 960 accipere
2350 878 2734 961 poterimuS,

329 995 461 1038 non
495 976 643 1058 lege
688 975 981 1058 quadam
1028 984 1145 1039 aut
1189 977 1694 1042 denuntiatione
1736 979 2072 1062 prohibiti,
2105 982 2222 1044 sed
2268 980 2735 1063 cooperatione
2812 991 2841 1057 5

327 1078 534 1142 solius
591 1081 846 1163 gratiae
905 1079 1303 1161 perficientis
1363 1081 1429 1143 in
1491 1101 1614 1145 nos
1669 1084 1892 1147 omnia
1953 1104 2125 1166 quae
2183 1105 2335 1148 cum
2391 1085 2619 1148 labore
2670 1091 2736 1146 et

328 1184 569 1248 sudore
602 1182 817 1247 multo
849 1183 966 1246 uix
1000 1185 1065 1246 in
1096 1184 1424 1265 praesenti
1459 1184 1623 1268 legis
1656 1187 2028 1250 doctrinam
2075 1197 2428 1270 sequentes
2458 1188 2738 1269 dirigere

330 1309 701 1373 possumus,
792 1298 859 1352 et
892 1307 1013 1351 nec
1044 1288 1137 1350 sic
1168 1288 1255 1352 ad
1287 1288 1561 1370 plenum
1594 1310 1634 1351 a
1667 1289 1911 1353 delicto
1943 1310 2296 1372 possumus
2330 1311 2473 1353 esse
2505 1288 2734 1362 securi,

333 1400 602 1475 propter
654 1398 929 1454 naturae
978 1390 1447 1454 infirmitatem.
1537 1392 1855 1473 quoniam
1906 1413 2064 1475 ergo
2116 1392 2401 1455 necdum
2462 1392 2528 1453 in
2584 1389 2736 1453 frui-

332 1493 583 1556 tionem
616 1491 983 1554 futurorum
1019 1492 1346 1555 bonorum
1393 1513 1565 1574 quae
1611 1514 1731 1574 per
1765 1493 2099 1557 Christum
2134 1494 2325 1557 nobis
2369 1494 2737 1556 extiterunt
2773 1509 2850 1557 10

332 1597 417 1660 ad
459 1595 934 1679 perfectionem
972 1616 1200 1659 sumus
1240 1596 1604 1673 constituti,
1654 1616 1773 1677 per
1818 1595 2016 1659 fidem
2064 1608 2287 1660 autem
2335 1596 2517 1658 illam
2563 1616 2735 1677 quae

334 1698 595 1761 illorum
628 1707 727 1761 est
759 1718 986 1761 eorum
1019 1718 1206 1780 spem
1241 1707 1307 1761 et
1339 1699 1844 1779 promissionem
1892 1700 2321 1780 suscepimuS,
2355 1706 2588 1779 utpote
2619 1716 2739 1779 per

333 1799 614 1862 formam
665 1800 730 1862 in
776 1799 1032 1862 hisdem
1082 1798 1342 1875 effecti3
1407 1800 1578 1862 iusta
1624 1800 1879 1863 ratione
1925 1799 2038 1864 illa
2081 1820 2253 1883 quae
2293 1799 2537 1864 Christi
2578 1806 2737 1861 sunt

332 1901 461 1963 illis
497 1922 670 1984 quae
715 1903 782 1964 in
830 1901 976 1983 lege
1018 1910 1172 1964 sunt
1217 1921 1629 1983 comparans
1673 1902 1872 1965 fidem
1917 1901 2042 1985 legi
2089 1925 2125 1966 e
2172 1902 2503 1966 contrario
2541 1900 2737 1975 sistit,

332 2027 411 2069 eo
472 2006 650 2088 quod
712 2005 996 2069 necdum
1058 2025 1273 2068 rerum
1334 2005 1530 2087 potiti
1593 2005 1725 2069 fide
1784 2007 1927 2068 sola
1997 2006 2272 2088 adsequi
2333 2027 2412 2069 ea
2473 2004 2734 2067 interim
2772 2024 2840 2090 15

335 2108 648 2179 uidemur.
738 2107 866 2171 hoc
910 2129 1069 2189 ergo
1107 2106 1251 2169 uult
1293 2117 1360 2170 et
1402 2128 1482 2170 eo
1520 2107 1669 2171 loco
1711 2108 1946 2185 dicere,
1989 2109 2303 2191 quoniam
2349 2105 2734 2188 inpossibile

333 2219 432 2273 est
464 2208 798 2273 iustificari
832 2231 918 2272 ex
950 2211 1259 2292 operibus
1291 2210 1472 2293 legiS‚
1506 2233 1585 2274 eo
1627 2212 1808 2292 quod
1851 2232 2077 2275 sumus
2110 2220 2345 2273 natura
2378 2208 2691 2272 mortales
2718 2225 2733 2282 ;

333 2312 483 2375 licet
544 2309 738 2374 ualde
798 2312 884 2374 ad
947 2314 1259 2376 uirtutem
1321 2314 1769 2396 inspiciamus,
1863 2313 1978 2375 sed
2033 2322 2107 2376 ut
2161 2311 2551 2395 plerumque
2600 2330 2731 2372 non

333 2434 699 2497 peccemuS,
751 2414 934 2476 nullo
985 2416 1189 2477 modo
1231 2415 1369 2478 fieri
1419 2426 1656 2497 potest.
1750 2417 2121 2478 interimere
2160 2415 2335 2478 enim
2378 2414 2504 2475 scit
2553 2413 2734 2475 iusti-

332 2517 492 2580 tiam
526 2516 836 2580 obortum
869 2525 1236 2598 peccatum,
1269 2517 1416 2600 lege
1447 2519 1984 2599 condempnante
2018 2517 2163 2580 illos
2194 2518 2306 2597 qui
2340 2517 2732 2597 delinquunt
2764 2531 2849 2577 20

331 2635 397 2689 et
429 2644 560 2688 non
611 2623 1074 2687 considerante
1137 2632 1355 2685 utrum
1421 2622 1631 2685 multa
1685 2632 1861 2685 recte
1921 2631 2195 2703 agentes
2255 2641 2414 2701 erga
2488 2621 2734 2701 exigua

329 2726 762 2808 deliquerint;
827 2725 941 2786 sed
993 2724 1139 2787 illos
1193 2725 1306 2806 qui
1367 2746 1635 2805 quoquo
1699 2725 1900 2786 modo
1962 2724 2382 2804 deliquerunt
2433 2724 2557 2784 scit
2610 2722 2733 2784 sub

329 2848 544 2910 poena
592 2825 1003 2889 concludere.
1096 2825 1259 2889 haec
1320 2836 1419 2889 cst
1477 2827 1638 2908 legis
1702 2836 1955 2899 natura,
2018 2834 2089 2888 ut
2144 2834 2530 2905 peccantem
2592 2825 2733 2886 sine

326 2928 553 3010 aliqua
585 2928 1018 2990 excusatione
1051 2948 1306 3009 poenae
1338 2929 1638 2991 subiciat.
1744 2929 2111 2991 necessarie
2153 2928 2366 3007 inquit
2408 2925 2520 2987 illa
2563 2946 2732 3006 quae

328 3050 367 3092 a
418 3029 682 3093 Christo
729 3030 1047 3111 praestita
1093 3039 1248 3092 sunt
1294 3030 1488 3092 nobis
1515 3052 1529 3108 ;
1596 3030 1707 3110 qui
1755 3039 1821 3091 et
1874 3030 2362 3090 consummauit
2409 3027 2520 3089 illa
2562 3046 2733 3106 quae
2763 3047 2839 3111 25

328 3132 604 3196 deerant
637 3133 825 3195 nobis
859 3142 1132 3214 propter
1173 3143 1448 3195 naturae
1492 3133 1966 3206 infirmitatem,
2001 3153 2171 3213 quae
2221 3133 2421 3194 etiam
2468 3152 2554 3193 ex
2602 3129 2733 3193 fide

328 3235 759 3316 percepimu5‚
811 3244 879 3297 et
926 3244 1273 3315 tamquam
1330 3235 1395 3297 in
1447 3235 1574 3297 illis
1627 3237 1761 3299 iam
1809 3257 1951 3298 esse
1992 3235 2306 3299 uidemur.
2398 3255 2529 3297 non
2577 3254 2733 3315 ergo

327 3339 574 3401 iustum
637 3348 741 3402 est
792 3338 1012 3401 denuo
1066 3358 1186 3400 nos
1236 3339 1322 3402 ad
1380 3339 1597 3420 legem
1653 3360 1979 3401 recurrere
2032 3359 2121 3401 ex
2171 3360 2302 3418 qua
2364 3338 2523 3401 nihil
2573 3337 2731 3400 lucri

326 3444 673 3524 adquirere
704 3463 1075 3524 possumus,
1168 3443 1285 3504 sed
1328 3441 1493 3505 hacc
1526 3443 1706 3505 dicta
1747 3451 1900 3505 sunt
1944 3441 2157 3517 latiuS,
2189 3450 2262 3505 ut
2296 3443 2507 3524 magis
2539 3463 2733 3524 apos-

326 3546 603 3609 tolicum
653 3565 920 3608 sensum
969 3544 1335 3626 intelligere
1380 3546 1729 3625 possimu5‚
1786 3552 1854 3606 et
1901 3544 2198 3606 maxime
2245 3544 2479 3606 eadem
2535 3564 2734 3606 causa
2763 3567 2846 3629 30

325 3672 460 3732 qua
502 3650 567 3711 in
611 3647 837 3712 multis
879 3650 1093 3712 causis
1132 3649 1247 3710 illa
1280 3649 1523 3729 exequi
1558 3648 1624 3709 id
1665 3648 2015 3711 uideretur.
2105 3648 2222 3710 sed
2266 3649 2732 3710 recurrendum

323 3763 428 3816 est
459 3753 544 3816 ad
577 3751 991 3833 sequentiam
1025 3751 1434 3814 narrationis,

458 3858 521 3918 in
597 3854 1149 3937 praecedentibus
1211 3855 1388 3917 enim
1450 3853 1797 3935 apostolus
1858 3875 1947 3918 ex
2009 3855 2351 3937 utriusque
2411 3855 2734 3937 qualitate

320 3956 688 4023 secundum
751 3957 1320 4038 comparationem
1397 3958 1693 4020 ostendit
1753 3978 1981 4022 eorum
2057 3981 2200 4022 esse
2275 3958 2731 4024 differentiam.

323 4062 610 4125 multum
642 4060 1129 4142 supereminere
1162 4059 1472 4123 uidentur
1505 4059 1630 4123 illis
1664 4080 1743 4123 ea
1781 4080 1953 4142 quae
1992 4061 2361 4126 secundum
2397 4060 2733 4125 Christum
2766 4083 2842 4149 35

421 4258 448 4306 5
481 4260 597 4293 nam
635 4244 748 4307 (sor
767 4244 889 4302 non)
917 4244 978 4291 ΙΙ
1170 4257 1194 4305 7
1224 4244 1328 4293 uita
1349 4245 1454 4292 add
1473 4243 1619 4307 (qstcr
1642 4244 1692 4292 in
1716 4243 1896 4308 praes.)
1923 4245 1988 4292 H
2172 4242 2231 4293 16
2263 4244 2492 4292 uidentur
2514 4245 2580 4292 ll
2598 4242 2606 4307 Ι
2638 4262 2738 4309 quo

318 4327 437 4391 (for
458 4324 713 4387 quoniam)
744 4327 786 4373 C
917 4339 979 4373 20
1001 4327 1068 4374 ob
1091 4334 1254 4376 ortum
1280 4326 1441 4388 (apm')
1460 4327 1527 4374 H
1715 4341 1773 4376 22
1813 4327 2160 4389 delinquerunt
2200 4328 2243 4374 C
2251 4325 2275 4350 ⁴*
2298 4326 2405 4385 (his)
2440 4327 2506 4374 II
2580 4328 2737 4378 delin-

317 4409 535 4473 querint,
573 4407 919 4470 delinquerunt
962 4408 1004 4453 C
1040 4409 1184 4464 (corr)
1228 4407 1308 4466 (cf.
1349 4409 1565 4458 Rasnsch,
1607 4411 1726 4470 αεὶ-ῃ
1765 4410 1960 4471 Rensly.
1996 4411 2068 4469 15)
2219 4411 2501 4472 3111idetur
2528 4413 2571 4461 C
2592 4412 2737 4478 (corr)

322 4505 378 4552 32
418 4488 676 4549 sequentia
707 4488 749 4533 C
773 4486 828 4532 ll
