3293 5233
269 342 320 407 1.
361 343 478 429 18.]
1000 357 1084 409 IN
1134 359 1243 411 ΕΡ.
1283 358 1387 411 AD
1431 357 1956 412 comssssNsES.

2551 359 2682 426 ‚273

264 525 502 606 horum
534 525 955 594 confirmaret
989 530 1561 614 magnitudinem;
1607 540 1678 596 et
1721 530 1958 594 iterum
2004 530 2275 602 recurrit
2319 529 2406 593 ad
2451 528 2685 594 huma-

266 647 441 704 nam,
466 637 533 692 et
563 629 834 712 quidem
867 632 1056 714 quasi
1088 632 1173 696 de
1204 652 1338 697 uno
1369 633 1595 696 omnia
1626 632 1695 694 in
1727 631 1843 694 illa
1873 639 2064 713 parte
2094 629 2416 713 epistolae
2437 630 2683 694 dicens,

265 728 391 793 hoc
446 740 513 794 et
565 732 631 793 in
683 732 1047 820 euangeliis
1099 735 1383 798 eundem
1433 734 1802 797 Dominum
1855 754 2054 816 saepe
2106 733 2338 797 fecisse
2390 733 2685 797 inueniet

266 831 434 914 quis,
485 832 551 895 in
601 832 730 896 illis
778 834 1191 901 sermonibus
1243 856 1415 919 quae
1462 835 1548 899 de
1601 856 1674 899 se
1729 834 1982 898 dixisse
2031 834 2333 910 uidetur3
2385 834 2564 916 quod
2615 843 2685 898 et

265 935 523 998 cautius
571 936 719 1018 quis
778 956 1248 1020 recognoscere
1296 939 1563 1021 poterit,
1612 938 1668 1001 si
1726 938 2339 1020 interpretationem
2387 947 2681 1001 nostram
2756 943 2787 1011 5

266 1036 609 1104 decurrere
669 1038 952 1103 uoluerit
1012 1042 1078 1103 in
1141 1040 1322 1104 illam
1375 1053 1634 1124 partem
1696 1041 2024 1124 euangelii
2089 1041 2424 1119 IohanniS,
2479 1061 2681 1124 quam

267 1159 465 1221 super
494 1141 867 1223 paralytico
895 1151 1127 1206 curato
1157 1143 1243 1206 ad
1279 1145 1567 1209 Iudaeos
1596 1144 1859 1211 locutus
1889 1145 2092 1208 fuisse
2123 1144 2400 1208 uidetur.
2490 1144 2583 1207 sic
2615 1152 2684 1207 et

265 1243 393 1309 hoc
425 1245 492 1307 in
524 1244 671 1313 loco
703 1255 1108 1310 memoratus
1140 1257 1240 1310 est
1271 1246 1539 1314 diuinae
1568 1254 1863 1322 naturae,
1895 1255 1969 1310 ut
2007 1246 2094 1309 ab
2133 1246 2248 1310 illa
2278 1247 2686 1329 magnitudi-

265 1364 422 1408 nem
472 1345 732 1413 illorum
781 1348 1129 1412 confirmet
1173 1369 1346 1432 quae
1384 1369 1542 1431 erga
1583 1346 1925 1416 hominem
1970 1355 2146 1412 sunt.
2231 1347 2480 1412 exinde
2524 1363 2683 1410 uero

265 1448 505 1516 iterum
537 1451 809 1514 recurrit
840 1451 924 1514 ad
957 1451 1296 1516 hominem
1328 1451 1597 1516 dicens:
2716 1461 2795 1514 10

393 1586 457 1640 et
484 1576 611 1660 zpse
637 1588 733 1641 est
757 1589 945 1661 caput
970 1579 1247 1662 corporis
1273 1578 1569 1643 ecclesiae.

394 1692 524 1757 hoc
554 1703 695 1758 est:
743 1696 978 1760 ‘istum
1010 1697 1076 1760 in
1109 1718 1242 1780 quo
1273 1697 1498 1760 omnia
1527 1704 1749 1759 creata
1781 1704 1950 1771 sunt,
1982 1703 2184 1778 caput
2213 1693 2528 1758 adscribit
2558 1693 2683 1757 sibi

268 1795 336 1859 in
368 1817 723 1862 commune
753 1801 1045 1876 ecclesia,
1076 1822 1316 1884 corpus
1359 1802 1500 1864 eius
1540 1820 1661 1883 per
1704 1799 2067 1882 spiritalem
2113 1798 2682 1882 regenerationem

267 1898 518 1977 effecta,
580 1923 753 1989 quae
815 1902 1098 1966 formam
1157 1902 1361 1967 habet
1430 1905 1690 1967 futurae
1751 1903 2257 1979 resurrectionis,
2316 1902 2682 1966 secundum

268 2023 467 2086 quam
501 2005 989 2069 communicare
1019 2006 1078 2069 ei
1111 2016 1451 2089 sperantes
1482 2017 1548 2071 et
1580 2007 1937 2089 participes
1967 2006 2108 2069 eius
2139 2004 2277 2070 fieri
2321 2004 2683 2068 inmortali-

268 2107 426 2170 tatis
456 2107 775 2190 baptizati
805 2108 1103 2192 [sumus],
1128 2111 1315 2193 quasi
1340 2111 1622 2173 formam
1656 2110 1993 2191 quandam
2020 2107 2280 2172 illorum
2313 2107 2683 2190 implentes,

268 2230 549 2292 quorum
600 2213 905 2295 princeps
953 2213 1093 2295 ipse
1146 2213 1340 2276 nobis
1388 2215 1633 2278 extitit.
1725 2233 1806 2277 ea
1857 2232 2016 2295 ergo
2064 2213 2322 2277 ratione
2368 2222 2436 2277 et
2480 2223 2683 2296 caput

269 2313 453 2378 illum
485 2315 920 2381 adscribimus
950 2315 1176 2386 nobi5.’
1249 2316 1426 2380 unde
1456 2316 1698 2384 adicit:

396 2441 514 2524 qui
537 2453 634 2506 est
665 2441 1140 2527 [principium]
1166 2442 1644 2526 primogenitus
1671 2462 1750 2506 ex
1775 2440 2067 2517 mortuis,

1818 2584 1849 2633 8
1883 2582 1936 2632 in
1957 2579 2056 2633 hoc
2079 2581 2131 2631 in
2151 2580 2268 2632 loco
2296 2582 2366 2632 C*
2396 2580 2403 2648 Ι
2434 2580 2681 2647 magnitu-

2017 2679 2074 2727 13
2108 2663 2160 2713 in
2182 2665 2436 2713 communi
2466 2665 2510 2713 C
2530 2664 2679 2724 (corr)

369 2599 397 2648 3
430 2584 710 2639 inuenietur
731 2601 764 2637 r
1029 2597 1065 2646 4
1096 2584 1181 2650 qui
1206 2583 1324 2650 (for
1339 2582 1468 2650 quis)
1495 2600 1526 2633 r

268 2667 386 2716 dine
414 2668 457 2716 C
475 2668 542 2715 ll
554 2683 588 2718 r
749 2681 780 2730 9
813 2681 930 2730 erga
951 2666 1213 2716 hominum
1242 2667 1285 2716 C
1304 2667 1371 2716 H
1423 2681 1544 2730 ergo
1564 2662 1828 2714 hominum
1851 2681 1884 2712 r

276 2748 333 2799 16
366 2764 536 2798 sumus
564 2764 642 2798 om
672 2748 715 2797 C
735 2749 849 2797 Ην

334 2871 383 2921 6.
448 2888 601 2936 quam
633 2881 784 2937 super
801 2873 1096 2941 paralytico,
1130 2872 1245 2933 δία]
1299 2887 1344 2921 c.
1371 2888 1420 2925 v.
1527 2874 1582 2924 S.
1619 2875 1745 2923 after
1789 2873 1968 2922 Easter
2009 2872 2052 2921 is
2093 2871 2282 2920 known
2324 2888 2379 2920 as
2423 2871 2455 2932 ἠ
2500 2890 2543 2922 κ.
2593 2873 2681 2920 τοῦ

275 2968 478 3019 17—47.
551 2956 662 3004 The
693 2962 862 3004 extant
895 2955 1162 3020 fragments
1191 2955 1251 3004 of
1277 2953 1423 3005 Th.·s
1525 2956 1823 3013 παραλύτου,
1843 2952 1969 3000 from
1991 2952 2090 3000 this
2114 2950 2294 3000 lection
2315 2949 2680 3013 (Neale‚II.E.

266 3053 448 3087 comm.
499 3052 565 3086 on
610 3035 710 3087 this
754 3052 960 3101 passage
1005 3037 1106 3100 (see
1150 3035 1418 3095 Fritzsche,

267 3135 317 3184 p.
371 3117 452 3181 26)
498 3118 565 3166 do
607 3125 695 3166 not
738 3118 860 3165 bear
903 3133 1039 3183 upon
1083 3116 1168 3166 the
1211 3116 1420 3180 subject.

269 3199 369 3249 His
414 3200 634 3248 remarks
679 3214 792 3262 may
826 3198 956 3247 have
997 3199 1124 3247 been
1163 3198 1316 3247 based
1355 3213 1423 3247 on

265 3297 345 3330 vv.
402 3282 478 3335 18,
526 3296 600 3344 23,
645 3278 819 3343 26—7.
906 3279 967 3328 In
1012 3278 1295 3342 describing
1337 3279 1423 3329 the

264 3364 510 3429 impotent
535 3380 650 3413 man
674 3370 724 3413 at
751 3363 999 3412 Bethesda
1025 3377 1079 3410 as
1102 3378 1132 3410 a
1153 3362 1415 3424 paralytic,

265 3448 360 3497 Th.
385 3448 592 3497 exceeds
615 3448 699 3496 the
721 3448 885 3495 words
907 3446 966 3494 of
980 3445 1065 3494 the
1089 3445 1293 3509 Gospel,
1320 3444 1421 3492 and

264 3527 463 3592 departs
485 3527 612 3576 from
631 3527 715 3579 the
733 3525 950 3589 heading
966 3524 1024 3574 of
1039 3525 1124 3573 the
1140 3523 1418 3583 κεφάλαιον,

262 3609 428 3659 which
450 3624 552 3657 was
585 3608 766 3674 simply
790 3608 895 3668 περὶ
924 3603 1010 3657 τοῦ
1037 3603 1141 3668 [τὰ]
1172 3603 1418 3667 τριάκοντα

263 3693 342 3739 καὶ
378 3687 503 3739 ὀκτώ
532 3693 620 3750 ἔτη
653 3691 850 3750 ἔχοντος
888 3690 940 3737 ἐν
976 3686 1040 3749 τῇ
1074 3685 1299 3749 ἀσθενείᾳ
1332 3687 1417 3748 (cf.

261 3790 312 3822 v.
348 3770 427 3837 5);
473 3774 580 3834 περὶ
613 3768 700 3819 τοῦ
728 3767 1054 3836 παραλυτικοῦ
1084 3786 1311 3838 appears,
1342 3770 1416 3819 in·

260 3855 406 3914 deed,
450 3870 634 3918 among
668 3854 754 3903 the
788 3854 945 3901 τίτλοι
982 3852 1040 3902 of
1076 3852 1197 3901 each
1237 3852 1296 3900 of
1332 3852 1418 3901 the

263 3935 367 3985 first
413 3936 551 3985 three
586 3935 801 3999 Gospels
844 3934 961 3995 (Mt.
1007 3934 1071 3983 ix.
1120 3935 1319 3983 2=Mc.
1366 3951 1413 3982 v.

264 4017 486 4079 3=Luc.
521 4032 567 4065 v.
612 4018 707 4076 18),
747 4015 837 4063 but
875 4014 924 4062 in
960 4014 1259 4063 connection
1295 4012 1415 4061 with

259 4114 292 4146 a
323 4097 549 4146 different
580 4097 817 4145 incident.
884 4096 979 4145 Th.
1004 4095 1124 4145 does
1148 4103 1252 4153 not,
1282 4095 1419 4143 how·

262 4194 394 4235 ever,
417 4180 564 4228 stand
587 4179 734 4227 alone
756 4178 807 4226 in
828 4177 908 4227 his
929 4177 1058 4227 view
1079 4177 1138 4227 of
1162 4178 1248 4226 the
1272 4192 1383 4225 case
1402 4193 1418 4237 ς

260 4277 425 4325 comp.
467 4262 520 4309 S.
559 4261 736 4323 Chrys.
769 4260 869 4309 and
902 4260 954 4309 S.
991 4260 1128 4323 Cyril
1171 4259 1313 4307 Alex.
1354 4259 1424 4306 ad

259 4344 312 4392 h.
336 4346 372 4393 l.
401 4344 500 4393 and
529 4343 870 4407 Apollinarius
898 4357 976 4405 ap.
1009 4342 1222 4391 Corder.
1242 4348 1413 4399 caten„

260 4439 314 4488 p.
346 4439 448 4488 143.
524 4423 587 4471 In
621 4421 705 4472 the
740 4422 949 4471 Eastern
983 4422 1183 4471 Church
1215 4420 1299 4469 the
1330 4420 1416 4480 3rd

440 4536 491 4586 S.

1531 3036 1622 3084 Ch.
1650 3047 1686 3084 1.
1720 3048 1828 3099 734,
1861 3046 1985 3097 7502
2023 3033 2282 3090 Matthaei,
2312 3033 2346 3081 i.
2371 3034 2500 3097 537).

1596 3128 1673 3164 ιο.
1728 3115 1882 3166 istum
1923 3113 1980 3165 in
2017 3128 2126 3177 quo,
2170 3112 2286 3173 δῖα]
2359 3113 2499 3161 ‘The
2540 3112 2682 3163 homo

1523 3200 1767 3257 susceptus
1809 3194 1852 3241 is
1899 3193 1985 3242 the
2037 3191 2186 3240 Head
2234 3190 2292 3239 of
2329 3190 2414 3240 the
2455 3191 2674 3253 Church‚

1525 3275 1688 3324 which
1712 3276 1801 3325 has
1823 3276 2031 3323 become
2064 3273 2162 3323 His
2187 3274 2328 3337 Body
2350 3274 2564 3337 through
2595 3275 2680 3324 the

1523 3356 1747 3421 spiritual
1779 3355 2119 3419 regeneration
2149 3354 2208 3403 of
2236 3355 2474 3418 Baptism,
2504 3372 2534 3404 a
2561 3363 2679 3420 type

1521 3440 1581 3488 os
1628 3439 1693 3489 its
1737 3438 1898 3487 future
1943 3437 2293 3501 participation
2338 3436 2390 3486 in
2444 3437 2543 3485 His
2587 3438 2678 3486 im-

1520 3518 1702 3573 mortal
1754 3516 1873 3571 lise)
1963 3517 2046 3566 On
2100 3518 2374 3582 spin'talem
2430 3534 2677 3581 regenera-

1517 3604 1698 3654 tionem
1742 3601 1805 3649 cf.
1846 3598 1982 3648 Th’s.
2022 3615 2203 3648 comm.
2243 3615 2309 3649 on
2351 3601 2403 3649 S.
2437 3601 2567 3664 John
2604 3601 2676 3649 iii.

1521 3698 1574 3746 5:
1631 3681 1714 3732 τὸν
1764 3675 1940 3743 τρὸπον
1995 3680 2270 3743 ἐξηγήσατο
2322 3684 2408 3741 τῆς
2463 3682 2538 3731 διὰ
2593 3680 2680 3731 τοῦ

1516 3766 1853 3826 βαπτίσματος
1874 3761 2248 3825 ἀναγεννήσεως,
2275 3761 2363 3812 τοῦ
2388 3766 2475 3823 μὲν
2507 3766 2677 3814 ὕδατος

1518 3848 1571 3894 ἐν
1590 3843 1627 3905 ᾧ
1642 3842 1907 3905 πληροῦται
1929 3841 1986 3893 τὸ
2008 3845 2152 3907 ἔργον
2167 3842 2332 3903 εἰπών,
2355 3842 2442 3893 τοῦ
2459 3847 2512 3892 δὲ
2535 3845 2674 3894 πνεύ·

1515 3945 1667 3988 ματος
1699 3930 1752 3976 ἐν
1781 3924 1852 3988 τῷ
1883 3926 2018 3976 ὕδατι
2047 3926 2138 3986 τὴν
2168 3929 2343 3975 οἰκείαν
2382 3924 2675 3989 πληροῦντος

1517 4005 1884 4071 ἐνέργειαν...τὸ
1927 4007 2054 4068 ὕδωρ
2103 4009 2156 4055 ἐν
2198 4008 2328 4065 τάξει
2370 4003 2456 4065 τῆς
2498 4007 2675 4068 μητρὸς

1518 4088 1722 4153 [μήτρας
1734 4089 1780 4154 Ρ]
1828 4090 2146 4150 λαμβάνεται,
2195 4087 2252 4138 τό
2297 4090 2345 4138 δὲ
2393 4087 2576 4147 πνεῦμα
2619 4093 2673 4140 ἐν

1517 4173 1645 4232 τάξει
1670 4170 1756 4221 τοῦ
1778 4171 2154 4222 διαπλάττοντος
2176 4169 2430 4221 δεσπότου.

1591 4271 1666 4322 19.
1723 4256 1817 4319 qui
1834 4255 2341 4318 cst...pn'mc3g⁷enitus]
2391 4255 2501 4304 The
2524 4256 2673 4304 omis·

1520 4339 1627 4387 sion
1679 4337 1737 4385 os
1778 4337 2092 4401 principium
2143 4335 2311 4385 before
2357 4336 2574 4400 primae.
2631 4338 2672 4386 is

1519 4419 1765 4483 probably
1819 4417 2110 4475 accidental,
2171 4418 2270 4466 and
2326 4418 2423 4467 due
2478 4426 2533 4467 to
2586 4419 2671 4468 the

2424 4516 2497 4577 18
