3293 5233
601 403 726 482 258
1264 415 1719 467 THEODORUS
1766 414 2348 467 MOPSUESTENUS
2666 399 2743 484 [Ι.
2774 415 3011 482 9—12.

713 599 842 670 pro
869 610 991 673 quo
1022 610 1136 654 nos
1158 610 1239 660 ex
1263 610 1392 672 qua
1420 588 1524 652 die
1550 588 1934 652 audiuimus
1963 609 2089 652 non
2117 608 2432 651 cessamus
2458 598 2584 670 pro
2615 586 2794 650 uobis
2820 606 3013 649 oran-

599 700 691 755 tes
717 701 782 754 et
804 690 1217 774 postulantes,
1256 701 1331 754 ut
1371 689 1778 772 impleamini
1801 691 2160 773 ‘cognitione
2189 689 2543 753 uoluntatis
2567 690 2706 752 eius
2736 690 2807 753 in
2836 690 3018 753 omni

597 793 915 874 sapientia
960 804 1024 858 et
1064 794 1378 858 intellectu
1406 792 1702 875 spiritali
1716 816 1748 868 ,·
1794 793 2130 856 ambulare
2159 812 2272 855 uos
2299 792 2494 873 digne
2521 791 2659 854 Deo
2700 791 2797 855 ad
2831 812 3014 856 omne

600 895 831 958 bonum
858 896 1194 977 placitum,
1228 896 1299 959 in
1334 895 1516 959 omni
1550 906 1727 976 opere
1765 895 1917 959 bono
1944 894 2423 976 fructificantes
2464 903 2529 956 et
2567 903 2899 957 crescentes
2941 893 3014 957 in

537 1013 568 1081 5
598 997 949 1079 cognitione
1006 999 1152 1074 Dei,
1204 998 1277 1061 in
1333 997 1517 1062 omni
1570 997 1814 1060 uirtute
1869 996 2221 1076 confortati
2266 994 2609 1057 secundum
2653 993 3012 1077 potentiam

589 1100 843 1183 gloriae
868 1100 1007 1165 eius
1037 1101 1107 1164 in
1136 1122 1383 1165 omnem
1398 1100 1794 1182 patientiam
1822 1109 1884 1163 et
1910 1099 2466 1182 longanimitatem
2495 1120 2638 1163 cum
2659 1098 2924 1182 gaudia

730 1256 850 1318 per
900 1237 1127 1300 omnia
1186 1247 1455 1319 optasse
1515 1237 1641 1299 illis
1695 1235 1874 1299 bona
1922 1236 2200 1312 uidetur,
2251 1236 2375 1298 sub
2423 1236 2642 1317 specie
2694 1235 3011 1299 orationis

600 1340 885 1404 edocens
935 1361 1050 1403 eos
1103 1341 1213 1403 illa
1262 1360 1433 1422 quae
1483 1341 1577 1403 eis
1624 1340 2129 1404 conueniebant.
2221 1340 2382 1403 dicit
2427 1349 2650 1403 autem
2693 1342 3010 1422 quoniam

603 1446 727 1505 ‘ex
759 1464 892 1524 quo
922 1443 1034 1507 illa
1065 1464 1236 1526 quae
1268 1444 1353 1507 de
1385 1443 1573 1506 uobis
1607 1451 1761 1504 sunt
1792 1442 2185 1518 audiuimus
2218 1443 2359 1504 sine
2390 1441 2709 1505 dilatione
2746 1463 3012 1505 oramus

498 1559 576 1608 10
603 1544 695 1608 ita
724 1554 799 1608 ut
830 1546 1011 1608 omni
1043 1566 1238 1608 sensu
1271 1544 1546 1627 spiritali
1580 1543 1812 1626 repleti
1855 1564 2253 1626 cognoscere
2295 1546 2559 1627 possitis
2604 1547 2730 1609 Dei
2778 1547 3011 1609 uolun-

600 1657 827 1724 tatem,
861 1648 1061 1730 digne
1099 1648 1157 1710 ei
1200 1655 1669 1710 conuersantes
1712 1656 1778 1710 et
1815 1668 1932 1728 per
1977 1648 2201 1709 omnia
2243 1648 2502 1729 placere
2547 1649 2606 1711 ei
2654 1669 3011 1731 properan-

600 1759 739 1830 tes;
785 1751 876 1813 ita
908 1760 982 1813 ut
1022 1750 1178 1813 boni
1221 1760 1407 1813 actus
1449 1749 1972 1831 multiplicentur
2017 1751 2083 1812 in
2129 1752 2321 1814 uobis
2365 1772 2485 1833 per
2526 1753 2823 1835 singulos
2869 1754 3012 1817 dies

601 1874 751 1917 cum
787 1863 852 1916 et
880 1853 1006 1916 Dei
1046 1853 1442 1935 cognitione,
1477 1853 1588 1934 qui
1615 1854 1862 1934 poterit
1888 1874 2008 1916 uos
2033 1855 2396 1919 secundum
2423 1877 2610 1920 suam
2639 1862 3009 1939 potentiam

601 1956 1024 2038 respicientes
1070 1957 1156 2018 ad
1198 1977 1269 2019 se
1306 1977 1428 2018 sua
1459 1955 1712 2037 replere
1745 1957 2085 2037 patientia,
2121 1959 2212 2021 ita
2245 1968 2318 2021 ut
2349 1960 2615 2040 possitis
2647 1960 2812 2023 ferre
2842 1962 3012 2044 pati-

496 2066 567 2133 15
602 2067 790 2120 enter
819 2060 1125 2121 uniuersa
1156 2057 1267 2121 illa
1299 2080 1468 2141 quae
1509 2060 1819 2122 tristitiae
1861 2068 2050 2138 sunt3
2096 2061 2189 2123 ita
2228 2069 2302 2123 ut
2345 2063 2664 2143 gaudium
2709 2063 3013 2127 habeatis

602 2161 668 2224 in
702 2159 844 2236 illis,
878 2170 1150 2243 propter
1179 2162 1360 2224 illam
1394 2163 1768 2225 mercedem
1802 2183 1974 2244 quae
2006 2163 2195 2226 uobis
2228 2164 2294 2225 in
2326 2164 2545 2227 futuro
2584 2165 2849 2229 saeculo
2892 2187 3013 2248 pro

601 2261 704 2326 his
748 2272 851 2326 est
898 2261 1363 2329 retribuenda.’
1454 2265 1582 2328 hoc
1623 2265 1914 2347 quidem,
1950 2274 2024 2328 ut
2062 2266 2224 2341 dixi,
2260 2278 2529 2348 optasse
2560 2289 2632 2331 se
2668 2270 2762 2331 eis
2794 2268 3013 2349 dixit;

601 2371 670 2427 et
702 2365 767 2427 in
800 2386 897 2440 eo,
930 2364 1090 2429 dum
1123 2366 1285 2430 dicit
1316 2367 1427 2430 illa
1459 2389 1630 2449 quae
1664 2368 1982 2430 orationis
2013 2379 2182 2445 sunt,
2218 2369 2413 2432 docet
2444 2389 2558 2432 eos
2595 2368 3011 2451 diligentiam

601 2467 1136 2530 conuenientium
1187 2468 1520 2533 adhibere.
1629 2490 1900 2533 sumens
1951 2490 2107 2533 uero
2157 2480 2224 2532 et
2267 2472 2629 2552 gratiarum
2679 2473 3011 2536 actionem

491 2588 575 2637 20
601 2589 801 2653 quam
835 2588 954 2651 pro
986 2571 1081 2634 eis
1113 2571 1523 2654 impleuerat,
1558 2572 1820 2636 initium
1854 2573 2058 2636 sumit
2089 2572 2444 2649 doctrinae,
2477 2574 2646 2637 sicut
2679 2575 2744 2638 in
2789 2575 3016 2659 Ephe-

599 2674 846 2735 siorum
880 2672 1035 2736 fecit
1066 2674 1366 2756 epistola,
1399 2674 1511 2738 ubi
1541 2674 1670 2737 sub
1701 2675 1923 2756 specie
1953 2675 2314 2756 gratiarum
2357 2675 2637 2738 actionis
2683 2674 2796 2738 illa
2841 2696 3015 2758 quae

600 2783 756 2837 sunt
786 2774 1180 2857 dogmatum
1213 2797 1326 2840 eos
1358 2777 1538 2841 uisus
1571 2784 1673 2841 est
1704 2778 2098 2841 instruxisse
2123 2797 2138 2854 ;
2185 2782 2454 2859 propter
2484 2778 2662 2858 quod
2698 2776 2896 2840 dicit:

718 2938 987 3021 gratias
1023 2950 1280 3023 agentes
1317 2939 1536 3017 Patri,
1568 2939 1685 3023 qni
1720 2938 1951 3022 dignos
1995 2960 2107 3002 uos
2152 2938 2382 3004 habuit
2421 2939 2494 3002 in
2525 2949 2785 3021 partem
2817 2939 3015 3004 sortis

598 3051 964 3105 sanctorum
1009 3042 1081 3105 in
1126 3041 1384 3107 lumine.

730 3159 928 3224 ‘haec
979 3158 1240 3243 (inquit)
1292 3159 1707 3243 postulamus
1756 3169 1912 3224 ante
1959 3160 2202 3237 omnia,
2248 3160 2495 3242 gratias
2542 3170 2815 3243 agentes
2860 3159 3012 3223 Deo

697 3354 723 3388 2
761 3338 1016 3403 agnitione
1037 3338 1106 3387 H
1289 3337 1321 3386 6
1354 3339 1603 3401 pacientia
1626 3339 1693 3387 H
1879 3352 1911 3403 9
1945 3338 2208 3387 orabamus
2232 3356 2263 3386 r
2464 3353 2519 3388 io
2552 3339 2623 3388 ita
2644 3347 2697 3389 ut
2721 3346 2769 3388 et
2799 3339 2840 3388 C
2863 3341 3012 3402 (corr)

598 3426 654 3467 ut
677 3435 709 3468 r
903 3432 959 3480 ¹3
994 3426 1043 3468 et
1069 3417 1164 3481 (ast
1185 3420 1318 3478 cum)
1343 3435 1418 3467 om
1449 3420 1493 3466 C
1515 3420 1661 3480 (corr)
1686 3436 1717 3466 r
1895 3432 1948 3479 17
1987 3420 2031 3468 ei
2059 3420 2170 3482 (jor
2191 3417 2280 3481 eis)
2313 3418 2381 3469 C*
2407 3420 2474 3467 H
2487 3437 2517 3467 r
2683 3434 2742 3483 19
2775 3420 3013 3469 adhibere

599 3516 745 3550 conu.
769 3500 839 3549 H
1022 3513 1079 3550 21
1118 3500 1381 3562 epistolam
1411 3499 1481 3549 C*
1616 3516 1675 3562 25
1713 3516 1865 3564 agens
1894 3500 2031 3549 CH:
2068 3508 2146 3548 txt
2168 3517 2198 3548 r

598 3662 712 3720 law,
750 3662 849 3710 and
885 3661 993 3710 that
1037 3662 1319 3725 something
1356 3662 1446 3711 has
1484 3663 1615 3711 been
1660 3664 1753 3712 lost
1926 3680 2004 3713 20.
2049 3666 2179 3713 sicut
2202 3665 2259 3713 in
2281 3663 2554 3727 Eph.ficit
2574 3663 2672 3726 ep.]
2721 3663 2800 3712 Cf.
2827 3678 2877 3727 p.
2905 3679 3014 3721 120,

597 3745 722 3795 after
757 3743 1347 3806 custodire—“legitimis
1391 3744 1497 3807 ipse
1531 3745 1754 3793 intende·
1858 3744 1891 3791 1.
1919 3764 1963 3807 4,
1989 3752 2122 3794 note.

598 3827 728 3888 ret,'’
751 3844 808 3876 or
828 3826 936 3875 that
958 3826 1257 3874 laudaretur
1280 3827 1370 3874 has
1394 3827 1519 3874 been
1543 3826 1755 3875 omitted
1923 3842 1948 3874 2
1957 3841 2002 3888 3.
2043 3828 2239 3889 gratias
2267 3826 2480 3889 agentes]
2548 3826 2644 3875 See
2669 3843 2748 3875 vv.
2773 3825 2828 3875 ll.
2900 3828 3015 3877 The

597 3911 697 3960 and
721 3925 821 3958 non
845 3909 1010 3957 added
1034 3916 1086 3957 to
1108 3925 1224 3957 save
1248 3909 1333 3957 the
1356 3925 1510 3957 sense.
1858 3909 2001 3971 sing,
2041 3908 2101 3956 of
2127 3908 2291 3957 which
2327 3909 2464 3956 there
2499 3909 2539 3956 is
2573 3924 2640 3955 no
2674 3916 2807 3956 trace
2841 3909 2893 3956 in
2928 3909 3013 3958 the

665 4009 710 4055 3.
800 3990 1073 4050 ambulare]
1161 3993 1520 4051 περιπατῆσαιε
1580 3991 1643 4039 Ο.
1688 3990 1745 4040 L.
1859 3990 2008 4038 MSS.
2061 3989 2161 4037 ancl
2206 3988 2425 4037 versions
2470 3987 2529 4035 os
2567 3987 2652 4036 the
2697 3988 2905 4051 Epistle,
2958 4003 3015 4037 or

597 4074 696 4123 and
721 4073 890 4136 Vulg.‚
917 4076 1013 4120 “ut
1045 4071 1357 4119 ambuletis.”
1423 4072 1515 4120 Ad
1540 4089 1680 4120 omne
1709 4073 1751 4121 b.
1859 4066 2191 4131 (apparently)
2224 4069 2274 4115 in
2305 4068 2391 4116 the
2414 4067 2559 4116 other
2584 4068 2807 4128 Fathers,
2839 4069 2878 4116 is
2900 4084 3014 4131 pro-

587 4155 835 4221 placitum
849 4170 872 4213 ,·
932 4169 989 4201 so
1046 4155 1310 4211 Ambrstr.,
1372 4154 1460 4202 but
1519 4155 1754 4218 omitting
1857 4150 2007 4213 bably
2052 4166 2082 4198 a
2126 4149 2358 4213 copyist’s
2404 4166 2555 4198 error.
2632 4151 2872 4213 “Dignos
2929 4167 3017 4204 uos

597 4238 794 4285 bonum.
884 4235 995 4284 The
1042 4234 1192 4282 Latin
1245 4234 1463 4282 versions
1514 4235 1677 4297 prefer
1724 4251 1753 4283 a
1855 4230 2076 4291 habuit,'’
2108 4233 2149 4280 is
2180 4231 2450 4280 confirmed
2484 4232 2549 4295 by
2572 4232 2635 4280 its
2667 4232 2931 4295 repetition
2964 4234 3015 4281 in

598 4320 914 4383 periphrasis.
983 4319 1067 4367 On
1098 4319 1181 4366 the
1204 4317 1347 4366 other
1367 4318 1501 4365 hand
1532 4318 1650 4380 they
1673 4334 1756 4366 are
1856 4314 1941 4361 the
1965 4322 2213 4361 comment
2242 4313 2311 4376 (p·
2335 4328 2358 4361 2
2369 4328 2443 4376 59,
2475 4312 2528 4360 11.
2557 4329 2594 4373 1,
2626 4314 2676 4374 4)
2692 4330 2707 4372 3
2742 4329 2796 4361 so
2821 4313 3013 4377 Thpht.

597 4417 769 4450 nearer
799 4408 852 4449 to
889 4400 972 4448 the
1002 4400 1209 4462 original
1247 4400 1297 4447 in
1333 4399 1459 4447 their
1494 4400 1757 4461 rendering
1857 4398 1956 4445 and
1984 4397 2233 4445 Ambrstr.

599 4483 653 4533 of
675 4480 751 4531 διὰ
773 4482 916 4530 τοῦτο
942 4482 991 4543 (“
1013 4491 1215 4545 propter
1236 4479 1388 4540 hoc,'’
1418 4481 1581 4529 “ideo
1601 4479 1665 4544 ’').
