3293 5233
326 386 459 450 111.
504 403 598 463 11,
638 386 754 469 12.]
1138 398 1219 448 IN
1267 398 1369 448 ΕΡ.
1417 398 1519 447 AD
1565 397 1922 450 GALATAS.
2650 399 2728 462 41

454 578 719 634 tantum
773 578 999 633 autem
1053 569 1245 634 abest
1300 579 1373 634 ut
1421 590 1656 633 omnes
1708 580 1947 653 gentes
1997 569 2492 634 communicare
2532 568 2626 632 illi
2668 568 2735 631 in

323 675 855 739 benedictionem
909 695 1029 757 per
1075 696 1279 758 opera
1328 674 1491 757 legis
1546 675 1824 758 possint,
1877 684 1950 739 ut
1998 683 2065 737 et
2112 674 2237 757 ipsi
2275 674 2388 756 qui
2424 672 2548 735 sub
2588 670 2737 753 lege
2784 666 2795 679 '

322 786 496 854 sunt,
541 775 691 861 [sub
735 776 1095 841 maledicto
1125 778 1276 841 sint.
1341 776 1434 861 et]
1477 799 1517 841 a
1556 778 2027 841 maledictione
2069 776 2349 840 liberum
2391 796 2535 838 esse
2575 773 2736 838 dicit

325 877 509 941 illum
562 877 675 960 qui
727 879 794 942 in
849 879 1158 943 omnibus
1208 888 1573 962 permanet,
1629 889 1697 943 et
1751 880 1977 944 omnia
2035 898 2301 962 semper
2347 897 2497 941 cum
2552 875 2734 938 omni

324 979 559 1063 implet
628 979 888 1045 cautela
914 1003 929 1059 ;
996 980 1124 1045 hoc
1173 990 1399 1044 autern
1450 980 1835 1064 inpossibile
1889 990 1990 1045 est
2048 980 2382 1043 humanae
2442 984 2734 1039 naturae.
2810 976 2840 1041 5

325 1104 457 1146 non
489 1105 765 1167 peccare
797 1085 974 1148 enim
1007 1105 1127 1147 nos
1161 1084 1345 1147 nullo
1392 1085 1596 1147 modo
1642 1082 1960 1166 possibile
2002 1091 2120 1148 est.
2211 1083 2437 1165 itaque
2474 1076 2734 1143 etiamsi

324 1188 563 1269 aliquis
604 1187 671 1250 in
711 1185 860 1271 lege
895 1187 1341 1263 benedicatur,
1390 1196 1622 1251 contra
1665 1187 1830 1270 legis
1873 1186 1940 1250 id
1986 1186 2063 1250 fit
2105 1187 2462 1261 decretum,
2507 1183 2737 1247 diuina

324 1288 541 1369 gratia
588 1287 753 1372 legis
795 1289 1251 1353 definitionem
1297 1289 1620 1353 uincente.
1710 1289 1954 1354 deinde
2000 1309 2088 1351 ex
2129 1290 2455 1371 scriptura
2496 1285 2735 1349 iterum

326 1393 545 1457 firmat
587 1392 701 1456 illa
731 1414 904 1476 quae
948 1392 1314 1458 secundum
1369 1392 1572 1456 fidem
1621 1401 1796 1468 sunt,
1839 1391 2264 1474 intercipiens
2309 1388 2423 1453 illa
2464 1407 2637 1472 quae
2667 1387 2735 1449 in

326 1496 474 1580 lege
502 1505 698 1561 sunt:
2773 1497 2851 1546 10

453 1666 759 1748 quoniam
803 1674 1020 1728 autem
1066 1665 1137 1728 z'n
1185 1664 1317 1747 lege
1360 1685 1540 1728 nemo
1589 1663 1992 1746 iustzficatur
2031 1660 2216 1745 apud
2241 1660 2475 1736 Deum,
2524 1656 2736 1722 mani-

308 1767 565 1850 festum
598 1778 740 1845 est,·
781 1770 1089 1851 quoniam
1123 1774 1140 1801 ⁶
1160 1769 1374 1833 iustus
1399 1789 1477 1831 ex
1484 1768 1630 1852 fide
1659 1767 1867 1831 uiuit!

455 1920 729 1984 euidens
760 1930 860 1985 est
892 1921 1258 1984 sententia:
1305 1924 1320 1952 ‘
1342 1939 1475 1983 non
1508 1919 1777 1983 aliunde
1817 1919 2063 1983 iustum
2095 1938 2501 2001 quemquam
2540 1936 2738 1999 posse

326 2025 571 2103 uiuere,
627 2033 696 2088 et
757 2032 831 2088 ut
890 2034 1310 2088 aeternorum
1375 2025 1750 2089 mercedem
1811 2024 2324 2107 promissionum
2391 2021 2739 2103 adquirere

326 2136 568 2210 posset,
602 2128 726 2190 nisi
757 2127 975 2191 solum
1007 2128 1062 2191 si
1104 2149 1224 2211 per
1254 2126 1457 2191 fidem
1489 2131 1787 2211 potiatur
1826 2127 1988 2191 ista!
2065 2135 2133 2190 et
2164 2125 2505 2190 confidens
2537 2125 2739 2189 firmi·
2776 2136 2846 2200 15

325 2240 466 2294 tate
496 2230 987 2312 probationum,
1035 2232 1330 2294 ostendit
1382 2234 1700 2313 quoniam
1749 2231 2160 2315 intercipitur
2199 2231 2363 2295 illud
2414 2230 2595 2313 quod
2650 2251 2739 2294 ex

323 2336 471 2421 lege
502 2346 604 2402 est
639 2337 726 2401 ab
759 2335 873 2399 illo
905 2336 1087 2419 quod
1121 2356 1211 2399 ex
1243 2336 1377 2399 fide
1411 2345 1550 2401 est:

453 2511 556 2575 lex
582 2521 799 2574 autem
831 2530 957 2573 non
987 2519 1082 2573 est
1108 2530 1188 2572 ex
1196 2509 1342 2593 fide
1356 2533 1386 2586 ,·
1430 2511 1549 2573 sed
1570 2510 1689 2592 qui
1697 2509 1941 2592 fecerit
1966 2531 2056 2587 ea,
2091 2508 2272 2574 uiuet
2298 2509 2368 2573 in
2398 2509 2506 2572 eis:

457 2662 670 2724 multa
701 2669 926 2724 autern
961 2668 1061 2723 est
1092 2661 1539 2724 contrarietas,
1606 2662 1719 2724 lex
1762 2662 1939 2725 enirn
1979 2670 2160 2724 recta
2191 2681 2393 2743 opera
2426 2658 2735 2741 exquirit,

326 2771 394 2826 et
418 2761 605 2826 illum
638 2763 750 2845 qui
785 2761 1159 2843 impleuerit
1202 2763 1357 2837 eiuS‚
1392 2762 1458 2824 id
1503 2772 1619 2837 est,
1655 2763 1819 2845 legis
1854 2763 2210 2840 decretum,
2242 2763 2419 2825 hunc
2459 2760 2736 2843 adsequi
2767 2773 2852 2821 20

327 2865 657 2946 promittit
702 2865 849 2927 illas
897 2866 1281 2942 mercedes3
1327 2887 1498 2948 quae
1545 2864 1793 2928 exinde
1837 2866 2189 2946 promittit,
2221 2866 2379 2946 quia
2424 2861 2587 2926 nihil
2633 2881 2740 2925 ac-

326 2977 672 3050 cepturum
705 2968 883 3043 dicit,
916 2970 970 3030 si
1004 2988 1135 3030 non
1168 2969 1472 3050 primitus
1515 2968 1628 3031 illa
1666 2976 1841 3031 recte
1882 2968 2272 3051 expedierit.
2364 2968 2477 3049 qui
2510 2975 2739 3029 autem

327 3092 416 3134 ex
465 3073 597 3136 fide
651 3073 981 3154 potiturus
1033 3081 1138 3135 est
1183 3074 1409 3147 uitam,
1450 3071 1875 3134 manifestum
1925 3079 2026 3134 est
2070 3091 2202 3134 non
2241 3070 2326 3133 de
2377 3090 2497 3132 sua
2534 3068 2741 3132 direc-

325 3176 508 3239 tione
560 3198 756 3260 posse
788 3177 1045 3258 adquiri
1079 3197 1227 3238 eam
1259 3195 1274 3253 ;
1341 3177 1459 3239 sed
1512 3178 1597 3239 de
1634 3175 1859 3238 diuina
1900 3176 2115 3257 gratia
2152 3174 2395 3237 debere
2427 3190 2580 3235 eum
2620 3192 2740 3233 ex-

327 3292 592 3364 pectare
652 3280 952 3345 salutem.
1044 3289 1232 3344 erant
1282 3281 1459 3343 enim
1505 3280 1732 3343 omnia
1782 3278 2095 3341 firmitate
2139 3278 2280 3341 eius
2326 3275 2738 3359 probationis
2768 3287 2844 3352 25

329 3388 600 3463 munita,
625 3404 715 3449 ‘eo
747 3385 927 3467 quod
960 3386 1144 3447 omni
1176 3406 1265 3448 ex
1298 3394 1487 3467 parte
1521 3382 2003 3446 ualidissimum
2036 3380 2191 3444 fidei
2216 3379 2462 3443 struxit
2492 3398 2740 3441 sermo-

327 3509 480 3552 nem
508 3509 524 3567 ;
573 3488 883 3570 equidem
918 3495 986 3550 et
1017 3488 1381 3550 secundum
1416 3484 1987 3566 comparationem
2022 3482 2390 3546 excludens
2421 3480 2535 3544 illa
2567 3501 2740 3562 quae

326 3592 491 3674 legis
537 3598 743 3666 erant,
788 3599 855 3654 et
886 3591 1066 3672 quod
1115 3588 1500 3671 inpossibile
1540 3590 1625 3651 sit
1668 3587 1913 3651 exinde
1960 3588 2297 3669 percipere
2329 3584 2740 3648 iustificatio-

326 3716 495 3758 nem.
543 3715 632 3757 ex
651 3693 1019 3757 abundanti
1043 3701 1268 3755 autem
1294 3693 1466 3755 ultra
1490 3692 1840 3755 ostendere
1864 3698 2155 3772 temptat
2179 3689 2585 3772 superfluum
2609 3690 2739 3754 illis

427 3887 447 3921 1
474 3870 625 3920 habet
650 3869 766 3934 (sor
784 3870 944 3928 abest)
975 3870 1018 3917 C
1034 3870 1103 3918 H
1307 3884 1333 3916 2
1357 3867 1705 3916 benedictione
1728 3867 1793 3915 H
1810 3867 1956 3926 (corr)
1987 3863 1994 3929 Ι
2024 3875 2072 3916 et
2097 3866 2191 3931 ipsi
2214 3881 2413 3929 quoque
2436 3865 2520 3929 qui
2545 3866 2641 3924 (om
2664 3866 2739 3925 ut)

323 3955 390 4003 Il
416 3954 564 4012 (corr)
784 3967 812 4013 3
847 3951 940 3998 sub
974 3950 1089 3998 mal.
1124 3949 1222 3998 sint
1256 3957 1304 3997 et
1337 3965 1414 3996 om
1455 3949 1498 3996 C
1505 3948 1532 3971 ⁴*
1557 3949 1622 3996 H
1642 3946 1650 4010 Ι
1681 3948 1813 3996 dicat
1850 3948 1894 3996 C
1912 3948 2061 4006 (corr)
2291 3944 2323 3994 6
2356 3945 2500 3992 nobis
2529 3945 2572 3992 C
2592 3946 2739 4004 (corr)

325 4037 356 4083 8
389 4035 586 4084 uincere
620 4033 688 4082 ll
914 4045 967 4091 15
1005 4046 1107 4078 non
1148 4030 1251 4091 (bes
1278 4030 1463 4092 posset)
1501 4029 1605 4076 add
1637 4029 1703 4076 H
1732 4027 1879 4086 (corr)
2098 4024 2154 4075 16
2187 4025 2533 4090 probationem
2570 4026 2613 4072 C
2644 4024 2739 4071 ll*

328 4130 384 4178 17
419 4116 581 4179 legem
611 4117 655 4164 C
679 4111 686 4174 Ι
719 4112 841 4161 illud
871 4113 914 4161 C
932 4113 997 4160 H
1121 4127 1184 4159 20
1206 4110 1425 4160 eiusdem
1452 4110 1567 4172 (fhr
1587 4110 1692 4158 eius
1716 4112 1745 4159 i.
1768 4112 1834 4170 e.)
1858 4110 1924 4158 Η
2105 4124 2159 4156 21
2201 4125 2326 4171 quae
2352 4108 2468 4170 (for
2491 4106 2625 4168 quia)
2652 4106 2736 4153 H·

323 4197 388 4247 26
421 4198 641 4246 munitae
680 4198 724 4245 C
730 4194 756 4220 ⁴*
782 4196 848 4243 H
1051 4195 1112 4241 28
1146 4210 1206 4241 eo
1244 4193 1357 4256 (sor
1387 4195 1457 4251 et)
1493 4193 1557 4240 J!
1585 4193 1734 4252 (corr)
1949 4204 2011 4255 29
2045 4206 2107 4239 ex
2141 4190 2192 4237 in
2227 4187 2533 4237 habundanti
2573 4187 2616 4235 C
2679 4202 2741 4235 ex

321 4279 374 4326 in
409 4275 753 4327 habundantia
796 4274 863 4322 H
941 4289 1001 4322 ex
1033 4272 1148 4322 hab.
1177 4274 1244 4322 Η
1260 4273 1408 4332 (corr)

422 4431 498 4478 27.
561 4412 799 4479 equidem]
846 4411 1153 4477 Frequently
1175 4412 1298 4462 used
1322 4411 1443 4461 with
1481 4411 1565 4461 the
1603 4411 1733 4459 third
1770 4426 1948 4475 person
1990 4409 2039 4458 in
2076 4409 2172 4457 this
2207 4407 2428 4464 version;
2467 4405 2531 4456 cs.
2560 4403 2739 4454 Hilde-

323 4497 501 4556 brand,
529 4497 680 4559 Apul.
708 4498 741 4543 i.
768 4512 816 4558 p.
855 4509 926 4543 12.
