3293 5233
298 394 414 460 lv.
452 395 533 481 3.]
1024 406 1108 460 m
1157 407 1262 458 ΕΡ.
1307 405 1411 458 AD
1458 407 2040 461 anmpssnssss.-
2581 403 2712 478 ‘243

295 576 475 655 bant,
506 578 990 643 contendentes
1019 593 1219 659 super
1261 576 1640 659 primatum,
1674 584 1908 660 utpote
1939 577 2293 642 uirtutibus
2332 577 2713 656 adornatae,

294 691 364 747 et
393 692 468 747 ut
499 682 638 747 fieri
668 681 856 759 solet,
889 683 957 745 in
989 681 1370 745 huiusmodi
1401 681 1830 745 contentione
1860 679 2450 763 prouocabantur?
2537 683 2716 746 unde

295 791 363 846 et
410 784 805 848 nominatim
851 802 1077 848 earum
1110 792 1518 848 memoratus
1546 790 1668 859 est,
1700 784 2066 848 secundum
2100 783 2716 848 multam‘reueren·

295 885 480 962 tiam,
513 885 607 950 ita
637 894 711 950 ut
741 884 1050 949 suaderet
1090 886 1186 948 eis
1232 884 1345 950 illa
1379 905 1552 968 quae
1596 885 1777 950 bona
1822 893 2026 962 erant,
2060 885 2254 949 simul
2302 894 2376 950 ut
2420 895 2489 950 et
2533 884 2713 968 quod

294 992 576 1057 decebat
634 990 934 1074 personis
993 1010 1222 1054 earum
1281 991 1604 1054 redderet.
1702 989 1830 1053 hoc
1880 990 1947 1053 in
2000 989 2147 1053 loco
2200 989 2499 1054 maxime
2551 989 2712 1055 illud
2789 1001 2822 1068 5

294 1093 609 1175 possibile
654 1101 757 1156 est
799 1093 1197 1174 conspicere,
1229 1092 1546 1174 quoniam
1592 1091 1776 1155 nulla
1817 1112 1900 1156 eo
1946 1092 2013 1155 in
2059 1100 2360 1175 tempore
2404 1092 2716 1158 discretio

294 1197 583 1260 uirorum
614 1204 757 1260 erat
787 1205 855 1258 et
886 1196 1255 1271 mulierum,
1285 1196 1556 1278 quando
1586 1196 1890 1260 similiter
1909 1197 2475 1280 contemplatione
2505 1199 2714 1281 pieta·

293 1299 378 1361 tis
409 1296 922 1371 adcelerabatur,
954 1296 1066 1360 ubi
1109 1306 1178 1362 et
1218 1298 1304 1361 ad
1351 1317 1622 1361 omnem
1668 1297 1933 1381 plebem
1979 1298 2271 1363 scribens
2317 1299 2713 1366 nominatim

294 1417 661 1462 memorare
692 1397 814 1462 has
845 1418 980 1461 non
1018 1398 1370 1476 dubitaret,
1413 1398 1769 1482 plurimam
1810 1400 1939 1470 illis
1983 1402 2418 1465 reuerentiam
2466 1402 2534 1465 in
2577 1401 2715 1466 suis

290 1499 707 1563 sermonibus
738 1501 1113 1578 adtestans3
1159 1499 1325 1564 nihil
1362 1501 1853 1584 pertimescenS,
1886 1522 1970 1566 ne
2001 1501 2293 1584 aliquam
2325 1502 2450 1565 sibi
2497 1523 2714 1585 repre·
2749 1522 2829 1570 10

292 1599 682 1665 hensionem
738 1601 828 1665 ob
880 1602 1096 1684 ipsam
1159 1622 1432 1666 causam
1492 1603 1891 1687 prouideret.
2004 1603 2281 1668 euidens
2333 1613 2436 1668 est
2486 1612 2712 1670 autem

293 1706 609 1787 quoniam
657 1727 872 1790 neque
912 1707 998 1769 de
1041 1705 1424 1770 mulieribus
1454 1707 1824 1785 dubitabat,
1857 1727 1942 1771 ne
1971 1707 2242 1790 quando
2273 1707 2599 1784 edoleant,
2632 1727 2716 1772 eo

293 1812 472 1893 quod
518 1832 742 1875 coram
789 1812 1099 1875 omnibus
1145 1810 1280 1874 sint
1325 1810 1778 1893 reprehensae.
1860 1820 2052 1875 tanta
2094 1819 2235 1874 erat
2280 1811 2715 1877 commonitio

293 1919 472 2000 apud
523 1917 670 1981 illos
714 1916 828 2000 qui
881 1925 1042 1979 tunc
1090 1923 1294 1992 erant,
1345 1923 1413 1979 et
1465 1915 1560 1979 sic
1601 1914 1829 1978 omnia
1881 1915 2058 1996 apud
2116 1914 2262 1978 illos
2315 1915 2382 1978 in
2435 1915 2712 1980 caritate

294 2020 559 2097 fiebant,
592 2027 668 2083 ut
698 2018 1185 2083 delectarentur
1213 2018 1438 2099 potius
1467 2036 1692 2081 coram
1724 2017 2035 2080 omnibus
2065 2016 2515 2099 reprehensae,
2541 2037 2712 2100 quae
2749 2037 2820 2103 15

295 2134 521 2187 tamen
568 2141 737 2205 opus
783 2119 1125 2185 habebant
1173 2130 1248 2185 ut
1298 2119 1976 2203 reprehenderentur-3
2021 2131 2091 2184 et
2135 2142 2334 2185 nemo
2383 2121 2495 2186 ina
2540 2143 2712 2206 quae

295 2228 544 2293 fiebant
573 2226 937 2290 secundum
970 2223 1172 2288 ullam
1206 2222 1552 2288 incusabat
1583 2224 1928 2288 rationem.

421 2379 618 2444 etiam
651 2398 802 2461 rogo
829 2386 894 2440 et
921 2384 994 2451 te,
1023 2373 1383 2459 coniugalis
1410 2372 1740 2456 affectiose,
1770 2375 2021 2439 adiuua
2048 2397 2172 2440 eas.

423 2496 695 2580 quidam
721 2495 991 2558 beatum
1025 2493 1304 2557 Paulum
1337 2492 1896 2556 existimauerunt
1918 2492 2074 2556 hinc
2098 2512 2378 2556 uxorem
2404 2490 2713 2559 habuisse

291 2689 640 2773 ἐρίζουσαι,
685 2687 974 2776 ἐνάρετοι
1020 2689 1217 2757 οὖσαι
1261 2691 1373 2757 καὶ
1421 2689 1508 2762 ὥς
1544 2690 1713 2761 εἰκὸς
1750 2690 1841 2761 εἰς
1878 2689 1998 2773 τὴν
2036 2689 2191 2776 περὶ
2228 2693 2362 2755 τῶν
2400 2689 2713 2756 τοιούτων
2739 2714 2826 2761 20

292 2793 477 2880 ἔριδα
506 2794 1062 2860 καταπίπτουσαι.

392 2975 420 3023 3
455 2958 541 3008 sed
565 2974 678 3007 cum
702 2958 816 3021 (for
835 2959 1131 3020 secundum)
1155 2960 1200 3008 C
1220 2959 1368 3020 (corr)
1392 2975 1425 3006 r
1616 2957 1649 3007 6
1684 2958 1922 3022 possibile
1942 2974 2019 3007 om
2039 2959 2106 3007 H
2295 2970 2321 3020 7
2356 2973 2417 3007 ac
2440 2959 2558 3022 (for
2585 2961 2657 3019 et)
2681 2977 2714 3009 r

299 3056 349 3090 n
390 3042 540 3091 etiam
576 3041 694 3104 (jor
723 3040 911 3103 autem)
948 3057 982 3089 r
1266 3056 1323 3091 12
1358 3041 1425 3090 ad
1460 3041 1579 3105 (fior
1608 3042 1694 3101 de)
1736 3041 1813 3090 C*
1843 3039 1852 3105 Ι
1882 3041 2132 3090 dubitabit
2170 3038 2249 3090 C*
2278 3039 2286 3103 Ι
2316 3040 2413 3090 hae
2444 3041 2648 3091 doleant
2681 3058 2715 3091 r

302 3140 359 3185 14
394 3131 506 3172 tunt
531 3123 646 3187 (sor
666 3124 799 3187 tunc)
829 3123 901 3173 C·
1105 3125 1162 3173 18
1196 3140 1285 3174 eos
1312 3125 1357 3174 C
1374 3125 1441 3174 H

364 3296 407 3330 ι.
463 3285 621 3345 utpote
641 3278 915 3328 uirtutibus
935 3278 1134 3340 adom-J
1169 3278 1248 3329 Cf.
1268 3294 1319 3343 p.
1338 3291 1444 3344 197,

292 3362 325 3412 l.
362 3377 414 3412 rr
464 3371 597 3412 note.

359 3459 404 3493 2.
422 3400 435 3423 '
477 3441 897 3507 prouocabantur]
957 3442 1165 3506 Jacobi:
1203 3446 1234 3468 ‘⁸
1252 3455 1447 3491 accura-

293 3526 390 3575 tius
411 3525 667 3575 uertisset:
697 3524 1019 3573 inciderunt”
1045 3525 1149 3583 (see
1171 3523 1314 3584 Gk.).

1553 3278 1821 3328 lectissime
1854 3279 2054 3333 ,coniux
2073 3274 2130 3337 ;'’
2187 3277 2357 3342 Vulg.,
2425 3277 2708 3342 “germane

1549 3355 1806 3422 compar.''
1889 3356 1991 3406 For
2029 3356 2114 3406 the
2151 3356 2279 3406 form
2319 3357 2590 3421 coniugalis
2625 3372 2711 3424 see

1551 3437 1771 3497 Ro'nsch,
1810 3437 1964 3493 Itala,
1993 3452 2043 3501 p.
2077 3435 2183 3487 106.
2251 3436 2314 3486 In
2351 3451 2378 3485 2
2414 3436 2548 3486 Tim.
2584 3436 2618 3485 i.
2654 3453 2701 3499 α,

1549 3518 1656 3568 Tit.
1680 3519 1712 3569 i.
1737 3538 1785 3582 4,
1809 3535 1901 3568 our
1921 3519 2188 3568 translator
2207 3518 2410 3568 renders
2430 3519 2619 3580 γνησίῳ
2638 3518 2708 3585 by

356 3603 406 3655 6.
485 3604 911 3655 nulla...discreti0
943 3605 1043 3654 uir.
1084 3611 1192 3653 erat
1220 3611 1266 3653 et
1300 3603 1449 3666 mul.]

295 3688 474 3751 Comp.
499 3685 644 3737 Th.'s
666 3702 846 3736 comm.
876 3702 943 3735 on
970 3702 988 3735 1
1012 3685 1146 3734 Tim.
1167 3685 1217 3733 ii.
1245 3699 1318 3734 ια.
1364 3686 1449 3735 On

293 3768 378 3818 the
403 3768 619 3833 position
641 3768 700 3817 of
715 3782 911 3816 women
945 3767 998 3816 in
1034 3766 1334 3816 Macedonia
1366 3783 1450 3816 see

293 3849 372 3898 Dr
406 3848 704 3912 Lightsoot’s
726 3849 964 3908 remarks,
998 3848 1331 3913 Philt'ppians,
1359 3863 1448 3913 pp.

294 3944 356 3992 54
379 3945 454 3994 ⁵⁶1·

363 4026 435 4060 η.
485 4009 725 4072 edoleant]
788 4010 884 4060 See
918 4026 998 4058 vv.
1030 4009 1084 4058 11.
1138 4010 1321 4074 Comp.
1363 4011 1448 4060 the

291 4092 517 4156 frequent
551 4106 845 4141 occurrence
880 4091 932 4140 in
962 4091 1061 4141 this
1084 4091 1375 4140 translation
1397 4092 1455 4141 os

290 4172 377 4222 the
412 4171 722 4236 compounds
753 4171 943 4229 edicere,
980 4172 1159 4221 edocere
1169 4187 1193 4231 ,·
1247 4171 1347 4220 and
1380 4170 1445 4220 cf.

294 4253 513 4314 Ronsch,
540 4253 693 4313 Itala,
722 4268 809 4317 pp.
841 4255 934 4303 180
955 4269 1031 4318 sq.

364 4351 436 4398 ¹3·
501 4333 829 4398 commonitio]
902 4337 936 4361 ‘⁸
955 4332 1275 4400 Discipline”
1314 4334 1446 4397 (rac-

293 4421 414 4474 δεία,
440 4416 679 4476 νουθεσία,
707 4432 764 4466 or
786 4416 873 4466 the
895 4415 1034 4478 like).

364 4502 435 4549 18.
481 4499 755 4564 coniugalis
785 4499 1034 4564 afflctiose]
1103 4500 1168 4549 O.
1197 4499 1273 4559 1..‚
1321 4502 1356 4524 ‘⁸
1372 4500 1444 4549 di-

1546 3601 1799 3651 com‘ssimo
1813 3616 1837 3660 ;
1869 3617 1969 3659 see,
1992 3601 2240 3661 however,
2265 3601 2440 3662 above,
2469 3618 2514 3651 c.
2540 3602 2590 3653 ii.
2621 3619 2702 3656 το.

1621 3698 1696 3748 19.
1744 3684 1951 3748 quidam
1988 3683 2031 3734 b.
2076 3684 2139 3732 P.
2174 3683 2312 3734 arist.
2355 3683 2472 3732 hinc
2506 3701 2707 3736 uxorem

1548 3763 1686 3824 hab]
1751 3763 1911 3813 Clem.
1939 3763 2086 3812 Alex.
2113 3763 2198 3812 led
2221 3762 2307 3812 the
2330 3779 2441 3827 way
2463 3764 2585 3814 with
2609 3766 2708 3816 this

1547 3845 1924 3911 interpretation
1970 3847 2178 3904 (Strom.
2224 3846 2293 3896 iii.
2345 3845 2407 3896 6:
2465 3847 2546 3895 καὶ
2583 3848 2612 3897 ὅ
2645 3865 2708 3910 γε

1549 3928 1744 3978 Παῦλος
1765 3930 1851 3977 οὐκ
1872 3929 2000 3977 ὀκνεῖ
2021 3930 2074 3977 ἔν
2094 3945 2191 3976 τινι
2213 3927 2457 3990 ἐπιστολῇ
2476 3926 2582 3988 τήν
2611 3932 2705 3979 αὖ·

1548 4013 1653 4060 τοῦ
1677 4012 2051 4072 προσαγορεύειν
2087 4012 2348 4073 σύζυγον,
2377 4009 2436 4070 ἦν
2470 4011 2524 4059 οὕ
2551 4027 2708 4073 περιε-

1548 4094 1737 4156 κόμιζεν
1769 4092 1849 4141 διὸ,
1879 4091 1936 4140 τὸ
1957 4092 2044 4151 τῆς
2064 4089 2328 4153 ὑπηρεσίας
2358 4089 2625 4155 εὐσταλές),
2653 4091 2707 4141 in

1545 4173 1702 4223 direct
1725 4172 2104 4231 contradiction,
2132 4188 2187 4221 as
2210 4171 2307 4221 Th.
2332 4171 2499 4236 points
2520 4180 2623 4232 out,
2653 4180 2707 4223 to

1549 4257 1601 4307 S.
1642 4254 1809 4305 Paul's
1841 4271 1955 4305 own
1989 4262 2255 4305 statement
2291 4256 2336 4314 (ι
2378 4255 2491 4304 Cor.
2528 4254 2612 4303 vii.
2639 4256 2703 4316 8).

1547 4335 1779 4384 Clement
1821 4349 1925 4382 was
1979 4331 2214 4381 followed
2267 4332 2336 4394 by
2381 4332 2572 4397 Origen
2617 4333 2705 4394 (on

1552 4416 1700 4463 Rom.
1733 4413 1767 4464 i.
1817 4414 1880 4473 ι).
1974 4412 2087 4461 The
2113 4427 2250 4462 error
2282 4411 2340 4462 of
2367 4412 2451 4462 the
2485 4412 2705 4464 Alexan·

1546 4496 1715 4547 drians
1748 4510 1851 4545 was
1884 4495 2099 4559 perhaps
2135 4493 2238 4543 first
2269 4493 2479 4558 pointed
2519 4501 2604 4544 out
2638 4495 2706 4559 by
