3293 5233
215 1943 222 1949 '
295 1939 725 2003 existimauit.

285 410 376 474 11.
419 427 443 474 1
462 409 711 493 1—14.]

1105 418 1186 471 m
1236 416 1339 471 ΕΡ.
1384 414 1487 470 AD
1532 414 1885 469 GALATAs.
2616 418 2698 487 23

282 597 590 661 lauerunt
637 616 758 679 pro
807 595 1088 658 aliorum
1144 594 1450 671 utilitate,
1500 602 1656 658 sunt
1705 612 1860 657 uere
1921 592 2193 675 quidem
2255 591 2558 671 mirandi,
2618 613 2701 657 eo

284 698 466 783 quod
517 700 744 764 omnia
791 700 876 762 ad
938 698 1219 762 aliorum
1272 696 1629 761 utilitatem
1690 695 1907 759 facere
1971 695 2500 778 adquieuerunt3
2558 695 2702 760 siue

284 802 444 883 quia
486 802 719 865 Petrus
769 801 1031 863 illorum
1072 818 1299 863 curam
1344 799 1601 862 habens
1642 798 1757 881 qui
1802 816 1895 861 ex
1941 798 2210 861 Iudaeis
2261 797 2700 876 crediderant,

287 906 466 968 uisus
527 915 629 969 est
688 926 760 968 se
817 904 1126 968 cohibere
1175 923 1216 967 a
1266 902 1738 991 communione
1783 900 2044 964 illorum
2089 901 2204 983 qui
2258 920 2347 963 ex
2391 901 2702 984 gentibus

286 1006 812 1071 erant—Paulus
861 1026 1020 1070 uero
1064 1006 1301 1069 horum
1356 1005 1469 1087 qui
1512 1025 1600 1067 ex
1638 1004 1952 1087 gentibus
1998 1003 2416 1068 crediderant
2474 1024 2698 1069 curam

284 1108 558 1185 habenS,
619 1108 937 1173 resultare
989 1117 1056 1172 et
1104 1128 1379 1190 arguere
1438 1127 1592 1171 eum
1648 1109 1715 1170 in
1766 1106 2004 1172 faciem
2061 1126 2193 1170 non
2240 1108 2472 1190 piguit,
2542 1108 2703 1172 utri-

287 1238 418 1301 que
465 1229 619 1282 sunt
665 1218 1035 1282 demirandi
1081 1218 1168 1281 de
1212 1218 1345 1281 suis
1388 1218 1735 1282 sententiis
1781 1225 1849 1281 et
1895 1218 2194 1282 arbitriis.
2268 1217 2378 1283 hic
2428 1218 2699 1302 quidem

288 1318 403 1401 qui
463 1319 1085 1402 praehonorandam
1160 1320 1470 1383 omnibus
1529 1320 1813 1383 credidit
1872 1320 2243 1397 ueritatem,
2284 1327 2373 1415 „et
2431 1328 2706 1405 propter

288 1424 462 1488 hanc
506 1443 641 1487 non
682 1424 898 1506 piguit
944 1443 1065 1486 nec
1107 1422 1535 1506 praecellenti
1579 1420 1820 1505 insigni
1862 1421 2321 1506 apostolorum
2359 1423 2427 1486 in
2465 1424 2703 1488 faciem

291 1527 637 1604 resistere;
703 1527 814 1590 ille
863 1546 1035 1602 uem,
1083 1527 1240 1590 licet
1288 1527 1625 1590 uideretur
1670 1526 1877 1609 argui,
1922 1535 2148 1589 tamen
2191 1525 2305 1609 qui
2347 1527 2706 1610 adquieuit,
2744 1542 2821 1589 10

293 1638 514 1694 totum
557 1628 771 1693 ferens
818 1629 1125 1706 silentio;
1172 1638 1240 1693 et
1284 1629 1560 1712 quidem
1605 1648 1697 1691 ex
1744 1629 1973 1692 multis
2019 1631 2301 1712 negotiis
2346 1631 2706 1713 primatum

293 1732 421 1795 sibi
496 1732 823 1795 sufficiens
895 1731 1254 1812 uindicare,
1323 1731 1439 1795 illa
1510 1749 1684 1813 quae
1757 1750 1917 1814 erga
1985 1752 2059 1795 se
2133 1731 2394 1796 fuerant
2468 1732 2709 1796 nullius

292 1837 618 1899 momenti
691 1835 940 1900 faciens
1008 1838 1362 1899 ueritatem
1410 1833 1798 1897 hominibus
1859 1834 2488 1916 praehonorandam
2562 1857 2708 1901 esse

817 1939 1134 2021 quoniam
1188 1947 1415 2001 autem
1470 1937 1812 2001 contentio
1864 1938 2127 2001 illorum
2182 1939 2435 2003 nullam
2483 1939 2712 2005 fecerit

300 2041 807 2123 separationem,
840 2059 1201 2103 consensus
1240 2059 1468 2102 eorum
1509 2040 1577 2101 in
1620 2049 2071 2121 consequente
2102 2049 2405 2123 tempore
2434 2042 2714 2106 demon·
2748 2061 2768 2124 t
2786 2055 2816 2122 5

298 2145 553 2206 strauit.
628 2145 682 2206 si
716 2145 892 2207 enirn
927 2142 1394 2206 uilissimorum
1428 2140 1776 2204 hominum
1819 2141 2197 2207 differentia
2227 2154 2295 2208 et
2326 2144 2412 2208 de
2452 2144 2708 2209 friuolis

300 2246 495 2309 rebus
552 2246 729 2310 facta
797 2268 999 2328 saepe
1056 2246 1395 2308 uniuersas
1453 2228 1793 2327 separauit
1855 2245 2210 2324 ecclesias;
2275 2249 2714 2330 quemadmo-

300 2350 462 2412 dum
524 2350 760 2414 talium
820 2349 1164 2413 contentio
1226 2355 1294 2410 et
1354 2347 1441 2410 de
1501 2347 1748 2411 talibus
1811 2348 2095 2432 negotiis
2157 2350 2412 2428 effecta,
2463 2352 2519 2415 si
2580 2373 2714 2417 non

300 2475 657 2518 consensus
699 2451 1149 2516 interfuisset?
1239 2451 1471 2532 utique
1509 2470 1826 2532 magnam
1872 2453 2174 2515 omnium
2220 2452 2485 2517 fecisset
2525 2475 2716 2538 sepa·

301 2558 645 2632 rationem,
695 2554 878 2618 nullo
939 2554 1114 2618 ultra
1171 2554 1537 2618 sufficiente
1609 2554 2012 2637 coniungere
2077 2558 2353 2621 scissam
2417 2558 2718 2623 multitu-
2746 2578 2830 2626 20

300 2663 543 2736 dinem,
577 2680 750 2743 quae
780 2681 869 2722 ex
901 2658 1163 2722 illorum
1195 2659 1646 2722 controuersia
1675 2660 1884 2722 semel
1915 2660 2132 2724 fuerat
2162 2672 2493 2745 separata.
2560 2663 2720 2727 utri-

408 2898 425 2931 1
475 2878 688 2928 mirandi
721 2877 923 2942 quidem
957 2877 1024 2926 H

307 3057 363 3093 αι
403 3042 488 3107 qui
515 3041 582 3090 H

305 3222 465 3272 friend
489 3222 547 3272 of
564 3222 886 3285 Chrysostom
903 3221 930 3242 ”
955 3221 1091 3284 [who
1114 3221 1216 3271 had
1243 3222 1465 3287 strongly

306 3308 611 3357 maintained
631 3307 872 3371 jerome's
896 3309 1036 3367 vieW,
1067 3309 1173 3358 that
1203 3309 1287 3357 the
1320 3325 1466 3358 scene

306 3397 358 3438 at
383 3390 603 3437 Antioch
626 3404 728 3437 was
751 3390 1104 3452 pre-arranged
1127 3390 1352 3438 between
1382 3390 1467 3439 the

305 3474 443 3538 App.
474 3474 548 3521 for
572 3473 655 3521 the
677 3473 810 3536 good
834 3472 892 3521 os
919 3474 1002 3521 the
1028 3473 1268 3533 Church].
1326 3473 1467 3522 Th.⁷s

307 3569 422 3602 own
441 3553 703 3616 judgment
728 3568 886 3601 seems
910 3562 961 3601 to
986 3569 1065 3601 me
1088 3561 1141 3601 to
1165 3553 1276 3601 lean
1301 3561 1352 3602 to
1382 3554 1467 3602 the

306 3635 414 3684 side
438 3636 496 3684 of
513 3636 807 3699 Augustine‚
834 3637 921 3684 but
946 3652 999 3684 as
1023 3651 1086 3684 an
1119 3637 1371 3698 expositor
1402 3636 1467 3685 he

308 3716 349 3763 is
372 3723 574 3763 content
599 3723 651 3763 to
674 3715 815 3778 point
838 3722 924 3763 out
949 3716 1033 3763 the
1063 3715 1269 3778 bearing
1298 3716 1357 3763 of
1382 3715 1467 3763 the

307 3797 531 3846 incident
575 3813 641 3846 on
679 3797 763 3845 the
803 3797 947 3860 Ap.'s
984 3805 1261 3860 argument.
1338 3797 1386 3846 It
1429 3798 1468 3845 is

309 3880 601 3943 interesting
624 3889 676 3927 to
697 3878 800 3927 find
821 3881 1088 3928 Facundus
1111 3880 1168 3928 of
1194 3880 1467 3929 IIermiane

307 3959 540 4024 (referred
576 3969 628 4009 to
661 3963 729 4024 by
753 3961 829 4009 Dr
859 3962 916 4010 L.
943 3963 977 4010 l.
1007 3960 1068 4024 c.)
1093 3962 1403 4025 discovering
1437 3979 1466 4011 a

308 4044 515 4109 parallel
551 4051 603 4093 to
637 4045 722 4093 the
756 4045 1051 4094 submission
1080 4046 1139 4094 of
1167 4045 1219 4094 S.
1248 4047 1393 4095 Peter
1414 4047 1463 4095 in

308 4129 396 4178 the
421 4128 667 4177 readIness
689 4128 810 4175 with
847 4127 1007 4176 which
1042 4128 1306 4177 Theodore
1339 4128 1464 4177 him-

307 4211 410 4259 self
425 4209 524 4258 had
547 4209 770 4258 received
795 4226 823 4258 a
848 4210 1047 4268 rebuke,
1075 4210 1174 4258 and
1200 4210 1404 4274 reading
1437 4226 1467 4258 a

307 4291 495 4339 lecture
529 4289 654 4338 from
689 4289 787 4337 this
820 4305 1027 4352 passage
1062 4297 1113 4338 to
1148 4288 1287 4338 Th.'s
1310 4306 1466 4352 oppo-

307 4375 485 4418 nents:
543 4370 642 4417 “in
687 4370 955 4418 Theodoro
999 4370 1187 4418 discere
1231 4370 1465 4418 obstinati

308 4451 575 4515 dignentur
605 4451 756 4499 etiam
790 4452 853 4501 de
887 4452 1017 4500 facili
1052 4453 1194 4515 lapsu
1227 4453 1466 4501 sermonis

309 4529 552 4578 admoniti
597 4531 919 4594 apostolicam
965 4532 1260 4580 modestiam
1310 4531 1462 4594 pieta-

1212 2888 1239 2939 7
1275 2878 1478 2941 quidam
1518 2879 1585 2928 H

311 2976 365 3024 15
403 2961 726 3024 consequenti
766 2961 808 3009 C
841 2957 985 3023 (corr)
1018 2957 1026 3022 Ι
1053 2959 1413 3009 demonstrabit
1447 2959 1514 3008 H

1780 2894 1838 2928 ιο
1877 2879 1961 2943 qui
1996 2895 2075 2928 om
2119 2881 2163 2929 C
2195 2879 2340 2946 (corr)
2376 2889 2641 2947 tamenque
2664 2884 2728 2933 H

1687 2968 1744 3020 ¹7
1784 2975 1933 3024 saepe
1965 2976 2044 3010 om
2075 2960 2171 3010 Il*
2350 2975 2414 3013 πο
2443 2963 2575 3013 ultro
2603 2964 2729 3014 CH

1567 3230 1768 3288 temque
1792 3239 1986 3273 seruare
2001 3222 2030 3246 ’⁹
2054 3221 2162 3288 (defi
2188 3224 2261 3273 iii.
2283 3233 2420 3288 capp.
2444 3241 2490 3275 x.
2524 3221 2591 3288 α).

1633 3307 1961 3357 Theodoret's
1983 3309 2261 3372 exposition
2285 3310 2326 3358 is
2358 3310 2724 3374 unfortunately

1567 3388 1774 3452 missing
1807 3388 1932 3437 from
1966 3405 2014 3436 v.
2049 3388 2080 3438 6
2115 3397 2167 3438 to
2200 3405 2249 3438 v.
2290 3404 2347 3452 13
2380 3389 2616 3440 inclusive
2641 3390 2723 3456 (cf.

1571 3470 1759 3533 Migne,
1797 3471 1859 3518 P.
1890 3471 1946 3520 G.
1985 3473 2062 3530 82,
2107 3485 2179 3531 ιο,
2222 3468 2319 3535 13).
2407 3473 2505 3521 But
2539 3474 2616 3522 his
2652 3491 2723 3523 re·

1570 3553 1712 3600 mark
1758 3568 1824 3600 on
1860 3569 1908 3600 v.
1956 3569 2015 3613 14
2062 3551 2106 3614 (ὀ
2151 3554 2203 3601 δὲ
2244 3554 2398 3614 μέγας
2443 3554 2626 3614 Πέτρος
2663 3552 2724 3617 τῇ

1569 3631 1691 3694 σιγῇ
1712 3634 1842 3694 κυροῖ
1862 3630 1926 3681 τὰ
1948 3636 2201 3695 λεγόμενα,
2222 3635 2473 3695 μονονουχὶ
2502 3636 2719 3695 λέγων...

1567 3716 1641 3763 ὅτι
1677 3717 1833 3764 δίκαια
1868 3716 2207 3781 ἐπιμέμφεται)
2242 3718 2354 3766 well
2377 3719 2580 3767 accords
2603 3719 2723 3767 with

1569 3796 1711 3846 Th.'s
1741 3799 1865 3846 view
1899 3799 1957 3847 of
1983 3799 2066 3848 the
2102 3799 2348 3859 incident;
2383 3815 2465 3851 see
2497 3802 2603 3850 also
2637 3802 2723 3850 the

1568 3877 1671 3927 reff.
1700 3879 1848 3941 given
1870 3878 1939 3941 by
1962 3880 2038 3926 Dr
2062 3880 2121 3927 L.
2146 3880 2179 3928 Ι.
2207 3896 2249 3927 c.

1640 3973 1681 4008 1.
1775 3960 1964 4023 quidem
2032 3959 2282 4021 mirandi]
2388 3959 2484 4011 See
2539 3978 2618 4010 vv.
2664 3961 2720 4012 ll.

1571 4040 1791 4103 Perhaps
1815 4040 1897 4089 the
1922 4042 2184 4088 translator
2206 4049 2359 4090 wrote
2384 4042 2500 4089 mir.
2518 4044 2722 4104 quidam

1571 4119 1846 4185 (enuntiaret
1870 4121 2010 4183 τινες)
2026 4138 2040 4181 ;
2075 4121 2136 4170 cs.
2162 4138 2212 4186 p.
2241 4137 2315 4184 30,
2345 4122 2377 4171 l.
2404 4143 2452 4185 4,
2478 4133 2611 4172 note.

1636 4217 1683 4265 5.
1762 4204 1955 4252 Paulus
2046 4219 2145 4251 non
2194 4203 2379 4266 piguil]
2445 4202 2532 4253 οὐκ
2572 4204 2719 4265 ὤκνη-

1571 4301 1655 4332 σεν
1678 4284 1753 4348 (?).
1818 4284 1898 4333 Cf.
1926 4301 1976 4349 p.
1997 4298 2076 4344 20,
2103 4285 2139 4333 l.
2171 4299 2243 4334 11.

1635 4380 1683 4428 9.
1740 4365 2058 4429 praecellenti
2096 4363 2309 4428 insigni]
2366 4364 2530 4415 Pitra:
2571 4367 2716 4416 “uox

1569 4447 1747 4496 ultima
1800 4447 2047 4512 glossema
2091 4447 2269 4513 sapit.'’
2361 4449 2439 4498 Cf.
2488 4449 2718 4498 however

1569 4549 1618 4595 p.
1649 4546 1691 4594 5,
1718 4531 1750 4580 l.
1787 4529 1860 4585 16.
1886 4540 2017 4580 note.
