3293 5233
305 396 418 460 IV.
461 414 556 475 10,
601 395 720 481 12.]
1122 403 1218 461 IN
1254 402 1358 464 EP.
1403 410 1506 462 AD
1552 411 1902 463 GALATAS.
2627 400 2708 480 65

301 580 674 662 (tamquam
724 581 1077 666 diceretur)
1139 581 1253 665 qui
1317 604 1448 646 non
1503 591 1694 647 erant
1747 583 1857 647 dii.
1947 584 2265 667 quoniam
2321 585 2495 649 enim
2557 606 2712 668 cog-

297 681 576 744 nouistis
629 680 991 765 aliquando
1038 705 1267 747 uerum
1316 685 1560 748 Deum.
1609 686 1827 768 magis
1889 695 2114 750 autem
2163 688 2411 770 cogniti
2459 689 2622 752 estis
2670 709 2712 751 a

304 787 454 851 Deo
504 787 663 870 (non
714 788 892 851 enim
933 787 1293 851 scientibus
1335 797 1453 852 aut
1484 789 1866 853 uidentibus
1896 789 2127 854 diuina
2158 790 2348 854 uobis
2385 792 2713 873 quodam-

298 888 502 952 modo
551 887 798 952 inluxit
841 889 1178 969 scientia);
1227 890 1462 953 iterum
1510 911 1669 973 ergo
1715 890 1844 953 illis
1875 893 2033 974 ipsis
2079 892 2422 957 elementis
2467 894 2715 956 seruire

296 990 756 1073 deproperatis
820 991 947 1054 sub
1012 991 1144 1055 alia
1201 992 1494 1075 specie?
1584 994 1652 1058 id
1714 996 1932 1076 ipsum
2005 996 2244 1059 iterum
2317 1003 2391 1058 ut
2454 995 2710 1058 uideret
2785 998 2816 1064 5

299 1114 618 1177 peragere
659 1092 1067 1165 festinantes,
1115 1094 1423 1177 probauit
1469 1098 1882 1178 propemodo
1928 1098 2245 1179 quoniam
2290 1094 2417 1159 hac
2456 1094 2711 1159 ratione

299 1195 386 1258 ad
430 1214 742 1277 praesens
788 1215 903 1257 eos
949 1195 1262 1279 inculpat,
1296 1218 1378 1261 eo
1422 1198 1604 1279 quod
1652 1197 1783 1261 alio
1829 1198 2123 1281 quodam
2171 1200 2373 1263 modo
2410 1197 2495 1261 ad
2538 1197 2711 1260 anti·
2788 1252 2789 1255 ,

300 1322 467 1384 quos
500 1303 660 1366 ritus
693 1321 949 1364 rursum
993 1321 1318 1365 recurrere
1362 1302 1673 1378 nitantur,
1708 1322 1826 1385 per
1869 1301 2030 1365 illud
2078 1302 2258 1384 quod
2306 1301 2515 1365 dixit:
2557 1321 2710 1382 quo-

304 1406 485 1469 modo
512 1403 963 1469 conuertimz'ni
991 1404 1226 1467 iterum
1253 1404 1288 1466 ?
1372 1414 1758 1469 conuertere
1789 1405 2033 1468 etenim
2079 1405 2227 1488 quis
2269 1424 2424 1468 uera
2454 1405 2712 1468 ratione

304 1508 558 1582 dicitur,
592 1508 863 1591 quando
894 1507 981 1571 ad
1015 1506 1126 1570 illa
1159 1508 1303 1591 ipsa
1341 1508 1577 1572 iterum
1611 1509 2000 1591 regreditur.
2091 1509 2449 1573 ostendens
2480 1528 2710 1591 quem-

303 1612 668 1676 admodum
703 1611 831 1675 illis
860 1612 1196 1675 seruiunt:

2747 1521 2825 1567 10

424 1744 561 1807 dies
589 1744 946 1808 obseruatis
975 1753 1040 1805 et
1068 1764 1308 1806 menses
1335 1752 1401 1806 et
1427 1754 1714 1825 tempora
1744 1752 1810 1806 et
1836 1764 2057 1807 annm.

429 1879 626 1944 ‘haec
655 1878 939 1962 (inquit)
975 1900 1063 1941 ex
1107 1878 1257 1954 illis,
1290 1879 1357 1942 id
1400 1887 1517 1955 est,
1552 1879 1901 1943 elementis
1944 1879 2388 1962 perficiuntur.
2482 1880 2712 1963 itaque

301 1982 356 2045 si
417 1981 653 2045 horum
713 1982 1206 2045 obseruantiam
1270 1998 1584 2064 magnam
1660 1983 2002 2064 quandam
2077 2002 2221 2045 esse
2294 1982 2711 2057 existimati5‚

303 2108 454 2150 cum
514 2088 751 2150 timore
811 2084 924 2149 illa
985 2084 1353 2168 implenteS,
1417 2105 1635 2148 rursus
1697 2083 1823 2148 illis
1898 2084 2142 2148 seruire
2203 2082 2554 2150 uidemini.’
2643 2096 2710 2151 et

302 2191 514 2253 sciens
546 2189 870 2252 dictorum
905 2207 1172 2250 suorum
1208 2186 1611 2264 firmitatem,
1645 2186 1889 2251 adicit:

428 2344 617 2397 estote
641 2334 808 2396 sicut
833 2354 961 2414 ego,
991 2331 1295 2414 quoniam
1327 2340 1389 2392 et
1415 2350 1526 2412 ego
1554 2331 1723 2394 sicut
1751 2350 1883 2393 nos,

435 2467 651 2524 ‘eram
708 2459 972 2542 (inquit)
1017 2468 1086 2522 et
1137 2479 1263 2541 ego
1311 2459 1437 2522 sub
1487 2457 1675 2539 lege;
1721 2457 1837 2519 sed
1882 2455 2211 2539 praeelegi
2261 2466 2455 2520 extra
2497 2458 2712 2540 legem

305 2564 544 2638 uiuere,
577 2563 748 2626 sicut
780 2571 847 2626 et
880 2582 999 2625 uos
1031 2581 1150 2644 per
1180 2580 1330 2624 eam
1364 2581 1537 2643 quae
1569 2561 1633 2623 in
1686 2559 1952 2625 Christo
1985 2568 2087 2622 est
2127 2558 2329 2623 fidem
2371 2561 2713 2626 uiuebatiS.

303 2666 653 2728 imitamini
717 2685 876 2747 ergo
926 2673 994 2728 et
1049 2684 1170 2727 uos
1224 2684 1348 2739 me,
1396 2683 1548 2726 cum
1598 2662 1707 2726 illa
1754 2683 1929 2745 quae
1977 2662 2041 2725 in
2094 2662 2361 2726 Christo
2420 2673 2524 2727 est
2582 2664 2715 2728 fide
2746 2689 2830 2736 20

300 2788 342 2831 a
373 2768 876 2831 conuersatione
909 2765 1207 2848 legitima
1240 2766 1682 2848 nosmetipsos
1715 2775 2072 2828 extraneos
2105 2764 2455 2829 facientes)

400 2960 429 3009 3
464 2944 607 2993 uobis
644 2944 748 2992 add
778 2942 876 3008 (ast
909 2942 1107 3002 scient.)
1149 2941 1215 2990 H
1439 2956 1466 3003 5
1519 2941 1770 2990 uideretur
1815 2940 1860 2988 C
1920 2940 2117 2989 uidetur
2158 2940 2200 2989 C
2237 2941 2385 3000 (corr)
2452 2940 2623 2990 uidere
2662 2941 2724 2989 H

299 3024 330 3073 6
366 3026 727 3090 propemodum
751 3023 812 3075 H
987 3022 1045 3074 16
1079 3024 1289 3073 scientes
1317 3022 1393 3072 C*
1420 3023 1487 3071 H
1644 3035 1699 3084 17
1734 3038 1825 3070 uos
1845 3036 1921 3070 om
1947 3020 2015 3069 H
2184 3021 2242 3069 18
2273 3021 2365 3068 sub
2388 3019 2439 3068 in
2464 3020 2573 3084 lege
2596 3022 2660 3069 H
2681 3021 2688 3084 Ι

299 3109 517 3175 praelegi
542 3108 609 3157 H
663 3115 775 3170 post
797 3105 925 3169 elegi
947 3106 971 3154 l
1208 3118 1272 3154 ἰο
1306 3119 1515 3164 mecum,
1546 3103 1685 3152 illam
1713 3105 1754 3152 C
1776 3106 1924 3164 (corr)
2164 3115 2221 3151 αι
2261 3103 2574 3165 nosmetipsis
2599 3104 2659 3150 H
2680 3103 2688 3165 Ι

303 3202 563 3241 ΕΧΡιιειτ
614 3201 781 3238 LIBER
833 3200 1043 3237 ptumus
1101 3198 1498 3248 GALATHARUM
1523 3222 1538 3237 .
1569 3198 1783 3235 1Ncu‘1'r
1836 3196 2003 3234 LlssER
2054 3193 2347 3233 SECUNDUS
2396 3195 2715 3233 EORUNDEM

300 3278 400 3328 add
425 3277 523 3342 (aft
545 3273 797 3335 facientes)
829 3273 871 3322 C
891 3273 959 3321 H

369 3451 414 3499 3.
485 3449 586 3482 non
644 3433 773 3482 enim
871 3431 1092 3492 scientia]
1181 3430 1332 3479 Cited
1395 3431 1462 3494 by

303 3517 567 3566 Lanfranc.

365 3612 414 3660 9.
458 3594 748 3655 conuertere]
803 3610 870 3644 sc.
894 3610 942 3643 se
973 3593 1357 3656 [ἐπιστρέφειν]ε
1391 3591 1455 3641 cf.

301 3684 425 3732 Acts
459 3681 540 3730 vii.
572 3694 652 3742 42,
689 3680 839 3744 Vulg.

372 3781 445 3826 14.
529 3778 764 3826 mag-nam
816 3759 1092 3825 quandam]
1137 3781 1179 3800 =
1220 3773 1455 3822 magnum

300 3847 553 3912 quoddam
580 3844 725 3908 (μέγα
747 3845 830 3902 τι).

374 3943 444 3991 15.
495 3928 680 3976 seruire
715 3917 984 3987 uidemini]
1068 3925 1201 3974 Pitra
1236 3933 1459 3986 suggests

301 4012 407 4062 that
435 4027 573 4060 verse
604 4026 654 4059 11
691 4010 705 4068 (
717 4009 913 4058 “timeo
937 4023 1027 4056 uos
1050 4023 1113 4056 ne
1141 4005 1317 4060 sorte.'’
1341 4005 1456 4066 ἃς.)

303 4093 420 4142 with
467 4092 530 4142 its
574 4089 969 4154 accompanying
1020 4087 1299 4151 exposition
1346 4102 1461 4149 may

300 4177 428 4226 have
452 4176 599 4224 fallen
623 4182 708 4223 out
734 4173 859 4221 aster
892 4172 991 4219 m'd.
1069 4171 1164 4218 But
1200 4169 1285 4217 the
1320 4183 1459 4216 verse

303 4261 377 4320 (as
411 4257 495 4306 the
531 4254 764 4305 Cardinal
794 4253 998 4302 himself
1023 4251 1113 4300 has
1137 4249 1352 4310 noticed)
1378 4263 1457 4295 oc-

299 4355 410 4388 curs
441 4339 542 4402 just
569 4338 730 4386 below
756 4339 822 4400 (p.
853 4333 936 4389 66,
960 4335 987 4382 1.
1025 4336 1124 4392 22),
1150 4335 1248 4382 and
1275 4335 1335 4382 its
1359 4334 1456 4381 ‹lis-

301 4423 581 4484 placement
608 4421 649 4467 is
684 4428 768 4467 not
807 4417 1120 4480 improbably
1154 4416 1251 4463 due
1285 4425 1337 4463 to
1371 4415 1455 4462 ‹le-

303 4503 446 4564 sign;
487 4501 569 4550 the
607 4501 771 4548 words
808 4514 936 4546 were
976 4496 1213 4560 regarded
1255 4495 1319 4555 by
1357 4494 1450 4541 Th.

501 4615 512 4624 .

482 4613 530 4660 ὃ.

1561 3448 1616 3480 as
1639 3432 1855 3494 forming
1876 3447 1905 3479 a
1935 3429 2147 3479 suitable
2177 3428 2512 3478 introduction
2547 3437 2600 3478 to
2634 3429 2717 3478 the

1560 3515 1743 3563 second
1768 3522 1877 3578 part
1902 3514 1959 3561 of
1975 3513 2060 3561 the
2086 3512 2295 3576 Epistle.

1633 3600 1708 3646 18.
1768 3593 1852 3644 sed
1860 3595 2112 3659 praeelegi,
2141 3594 2256 3654 δια]
2297 3594 2392 3644 Th.
2425 3610 2635 3659 appears
2665 3604 2718 3643 to

1560 3678 1797 3741 interpret
1831 3693 1885 3726 as
1919 3677 1962 3725 is
2001 3679 2051 3726 S.
2099 3677 2221 3724 Paul
2255 3676 2352 3724 had
2395 3678 2604 3734 written,
2645 3675 2718 3724 ὅτι

1561 3763 1697 3821 κάγὼ
1732 3762 1963 3821 ἐγενόμην
2004 3758 2063 3810 ὡς
2104 3760 2265 3817 ὐμεΐςς
2306 3760 2400 3820 “1,
2442 3776 2472 3807 a
2508 3742 2625 3824 Jew'
2653 3761 2719 3823 by

1559 3841 1714 3895 birth,
1749 3847 1837 3904 put
1872 3840 2057 3902 myself
2089 3841 2195 3888 into
2230 3839 2313 3888 the
2353 3840 2569 3903 position
2604 3840 2663 3887 of
2689 3857 2719 3888 a

1562 3923 1777 3980 Gentile,
1808 3922 2011 3969 became
2035 3921 2136 3969 like
2160 3936 2287 3983 you;
2329 3921 2460 3969 Iask
2482 3937 2578 3983 you
2604 3937 2718 3969 now

1562 4013 1614 4052 to
1655 4005 1860 4051 become
1898 4002 2001 4050 like
2046 3999 2177 4049 me.”
2258 4003 2437 4064 Chrys.
2486 4000 2582 4064 (καὶ
2622 4003 2719 4062 γὰρ

1561 4086 1717 4132 ταῦτα
1762 4080 1897 4144 κάγὼ
1936 4084 2156 4142 ἔπασχον
2194 4083 2367 4142 πάλαι)
2414 4083 2512 4130 and
2559 4082 2711 4132 Thdt.

1563 4168 1752 4225 (τοῦτον
1785 4168 1916 4224 εἶχον
1940 4166 2095 4214 πάλαι
2119 4168 2202 4214 τὸν
2224 4164 2541 4222 ζῆλον...ἀ.λλ’
2574 4163 2719 4227 ὁρᾶτε

1563 4248 1662 4295 πῶς
1694 4249 2082 4306 μεταβέβλημαι)
2125 4253 2329 4309 support
2371 4246 2454 4294 the
2488 4248 2717 4309 opposite

1567 4328 1708 4376 view.
1764 4327 2010 4375 Lansranc
2033 4327 2152 4375 cites
2177 4327 2259 4374 the
2282 4327 2558 4392 paragraph
2581 4344 2715 4376 eram

1566 4409 1852 4471 —fizcienfes
1891 4407 2008 4455 with
2049 4423 2144 4455 one
2180 4407 2397 4469 singular
2443 4408 2720 4463 variation;

1560 4504 1640 4536 see
1670 4505 1745 4536 vv.
1776 4488 1829 4535 ll.

2508 4599 2537 4664 5
