3293 5233
582 345 712 426 306
1231 358 1688 412 THEODORUS
1734 359 2322 414 MOPSUESTENUS
2420 347 2583 431 [111.
2615 349 2904 430 23-1v.
2949 367 2998 413 1.

576 525 798 589 animo
833 525 1191 608 operamini
1219 527 1413 609 quasi
1436 527 1721 592 Domino
1747 539 1811 592 et
1843 550 1967 593 non
1995 528 2375 609 hominibus,
2406 530 2666 596 scientes
2693 533 3008 616 quoniam·

573 647 620 687 a
642 625 925 690 Domino
952 628 1267 711 accipietis
1292 629 1773 695 retributionem
1792 632 2209 710 hereditatis,
2238 634 2522 698 Domino
2541 635 2714 699 enim
2743 635 3002 702 Christo

572 729 930 795 seruientes.

709 863 892 926 iubet
937 873 1005 928 et
1049 884 1277 928 seruos
1321 867 1634 930 oboedire
1680 868 1816 930 suis
1861 869 2166 945 dominis,
2218 869 2642 953 inspicientes
2689 871 2754 934 in
2807 871 2994 936 illam

514 965 897 1054 gmercedis
947 968 1559 1045 remunerationem,
1601 990 1774 1051 quae
1826 991 1866 1033 a
1917 973 2066 1035 Deo
2112 971 2242 1035 illis
2286 974 2611 1037 tribuetur
2645 995 2765 1060 pro
2812 974 2996 1039 fideli

576 1066 864 1128 seruitio.
948 1073 1050 1131 ‘et
1097 1070 1189 1131 ita
1225 1068 1422 1133 facite
1454 1073 1623 1134 sicut
1655 1082 1721 1134 et
1761 1073 2006 1137 iustum
2045 1083 2147 1137 est
2194 1074 2408 1138 facere
2451 1096 2565 1139 eos
2605 1076 2718 1158 qui
2759 1097 2799 1138 a
2842 1076 2996 1140 Deo

579 1169 949 1232 mercedem
996 1171 1120 1233 sibi
1163 1172 1360 1234 tribui
1402 1182 1782 1255 expectant,
1816 1195 1950 1238 non
1997 1177 2167 1238 sicut
2206 1176 2585 1241 hominibus
2630 1178 2994 1240 seruientes

577 1271 693 1333 sed
738 1273 906 1336 sicut
959 1273 1068 1351 illi,
1116 1296 1156 1338 a
1204 1297 1337 1358 quo
1384 1287 1451 1340 et
1499 1279 1880 1342 mercedum
1923 1278 2136 1342 uicem
2179 1280 2306 1343 sibi
2347 1282 2545 1345 tribui
2587 1280 2992 1363 expectant!

577 1372 816 1452 quibus
848 1376 1088 1441 adicit:

473 1567 552 1614 10
705 1547 823 1627 qui
857 1547 1028 1610 enim
1069 1549 1363 1625 nocuerit,
1407 1549 1659 1631 recipiet
1691 1549 2117 1632 quodcumque
2159 1551 2408 1626 nocuit,·
2451 1562 2516 1615 et
2555 1572 2681 1614 non
2723 1561 2819 1615 est
2843 1563 2994 1638 per-

573 1670 883 1713 sonarum
910 1652 1172 1734 acceptio
1200 1653 1379 1735 apud
1398 1674 1556 1716 eum.

707 1797 1021 1879 quoniam
1047 1798 1169 1860 etsi
1194 1797 1414 1880 aliqua
1436 1798 1690 1861 ratione
1722 1798 1960 1861 iniuste
1985 1820 2099 1862 eos
2125 1800 2379 1864 domini
2412 1800 2729 1884 adfligere
2760 1800 2991 1866 uolue-

577 1897 724 1974 rint,
757 1918 890 1961 non
939 1909 1131 1962 erunt
1184 1900 1458 1977 innoxii,
1491 1900 1643 1962 Deo
1684 1899 1934 1963 scilicet
1987 1900 2228 1965 nullius
2271 1922 2623 1984 personam
2664 1912 2781 1968 aut
2822 1904 2990 1967 acci-

577 1999 801 2079 piente
831 2010 948 2064 aut
978 2012 1334 2067 reuerente.
2000 1987 2007 1995 ⁸

475 2187 545 2254 15
706 2164 924 2228 domin
932 2166 970 2241 i,
1000 2167 1171 2248 quod
1196 2166 1436 2229 iustum
1466 2178 1560 2230 est
1585 2177 1648 2229 et
1673 2189 1944 2250 aequum
1982 2167 2190 2231 seruis
2212 2170 2521 2252 praebete,
2550 2170 2810 2233 scientes
2837 2171 2995 2254 quia

574 2274 638 2326 et
668 2284 778 2326 uos
805 2266 1052 2331 habetis
1079 2268 1413 2331 dominum
1446 2268 1515 2330 in
1544 2269 1748 2333 caelis.

710 2421 777 2475 et
836 2413 1120 2476 dominis
1168 2414 1421 2488 suadet,
1475 2421 1546 2476 ut
1596 2412 1763 2476 illud
1817 2414 1997 2496 quod
2051 2415 2370 2478 condecet
2420 2417 2625 2480 seruis
2675 2417 2991 2497 tribuant,

579 2515 867 2577 humane
899 2536 1055 2598 erga
1086 2536 1198 2578 eos
1231 2527 1502 2598 agentes
1534 2525 1601 2580 et
1634 2519 1698 2579 in
1732 2538 1931 2599 opere
1962 2518 2385 2582 dilectionem
2419 2519 2546 2582 illis
2578 2521 2990 2602 praebenteS,

581 2628 647 2678 et
683 2616 1096 2699 diligentiam
1136 2616 1396 2681 illorum
1440 2619 1832 2683 adhibentes
1881 2631 2080 2703 prout
2120 2631 2384 2703 potest;
2440 2631 2508 2684 et
2551 2621 2812 2686 ueniam
2860 2623 2990 2687 illis

470 2740 555 2786 20
581 2720 1118 2803 delinquentibus
1166 2724 1476 2798 tribuant,
1521 2742 1670 2786 cum
1726 2745 1840 2786 eos
1888 2743 2162 2805 peccare
2212 2724 2541 2788 acciderit.
2627 2724 2757 2788 hoc
2809 2726 2989 2791 enim

580 2826 741 2888 dicit
772 2825 1013 2889 iustum
1042 2836 1104 2889 et
1130 2848 1417 2907 aequum,
1450 2846 1581 2889 non
1615 2836 1688 2889 ut
1719 2824 2030 2907 aequales
2061 2826 2185 2888 sibi
2229 2846 2340 2888 eos
2384 2846 2528 2888 esse
2559 2827 2943 2889 existiment
2972 2847 2990 2904 ;

579 2930 691 3010 qui
747 2929 883 2992 fieri
933 2931 1108 2992 enim
1153 2938 1391 3012 potest,
1431 2930 1717 3011 quand0‚
1750 2937 1823 2991 ut
1875 2931 2167 2992 seruiant
2215 2931 2386 2992 serui
2432 2939 2498 2993 et
2539 2951 2691 2993 cum
2734 2931 2992 3013 integro

578 3034 868 3096 semiant
921 3034 1180 3109 affectu,
1212 3042 1400 3096 tanta
1447 3033 1750 3114 scripsit?
1840 3032 2075 3095 suadet
2124 3042 2348 3096 autem
2392 3043 2458 3095 et
2504 3032 2604 3095 his
2647 3032 2808 3096 haec
2846 3054 2994 3097 cus-

581 3138 793 3200 todire
825 3137 937 3199 illa
971 3137 1303 3211 memoria,
1339 3137 1493 3217 quia
1524 3148 1590 3198 et
1622 3138 1744 3217 ipsi
1779 3136 1911 3198 sint
1943 3134 2066 3196 sub
2099 3134 2373 3197 domino
2407 3133 2522 3196 illo
2553 3134 2666 3216 qui
2691 3135 2757 3197 in
2789 3136 2991 3199 caelis

471 3257 547 3321 25
581 3248 695 3304 est.
787 3247 854 3301 et
887 3239 1121 3301 iterum
1155 3237 1239 3300 ad
1273 3258 1625 3300 commune
1660 3239 1971 3300 uertitur:

679 3447 705 3478 2
744 3430 875 3479 enim
898 3447 974 3477 om
1004 3431 1045 3478 C
1068 3427 1213 3493 (corr)
1238 3430 1304 3477 H
1319 3430 1465 3488 (corr)
1794 3444 1819 3491 5
1858 3429 2312 3477 remunerationum
2338 3429 2381 3476 C
2402 3428 2549 3487 (corr)
2579 3426 2587 3492 Ι
2618 3429 2914 3478 retribuetur
2937 3430 3006 3477 H

581 3516 611 3561 8
646 3513 922 3560 mercedem
946 3512 1162 3560 uicissim
1186 3528 1218 3557 r
1416 3525 1473 3572 ¹4
1510 3518 1784 3559 reuertente
1815 3510 1884 3558 C*
2118 3525 2174 3573 19
2208 3510 2364 3574 possit
2395 3511 2437 3558 C
2459 3507 2603 3574 (corr)
2816 3526 2881 3559 20
2912 3526 2992 3559 ac-

580 3593 763 3641 cederit
792 3591 861 3639 C*
1084 3607 1139 3639 21
1178 3592 1299 3639 dicit
1322 3607 1399 3639 om
1424 3591 1490 3638 ll
1718 3607 1774 3640 22
1813 3591 1898 3654 qui
1921 3607 1996 3639 om
2021 3608 2053 3637 r
2275 3606 2338 3653 23
2373 3589 2550 3638 effectu
2578 3589 2645 3639 C*
2673 3606 2703 3636 r
2932 3605 2992 3651 25

579 3673 971 3722 exhortationem
996 3673 1099 3737 (bes
1107 3674 1330 3733 uertitur)
1354 3674 1457 3721 add
1479 3674 1521 3721 C
1543 3674 1690 3733 (corr)
1757 3674 1820 3722 ad
1845 3673 2245 3723 communionem
2269 3690 2314 3722 u.
2347 3680 2396 3722 et
2420 3673 2487 3721 ait
2511 3689 2542 3721 r

1834 3860 2094 3909 deserence
2131 3867 2184 3909 to
2221 3860 2306 3909 the
2355 3859 2546 3917 MSS.;
2598 3861 2687 3908 but
2721 3859 2756 3907 it
2794 3860 2834 3907 is
2875 3875 2997 3924 very

1834 3942 2057 4006 possibly
2079 3958 2109 3989 a
2133 3942 2334 3990 scribe's
2357 3958 2492 3990 error
2515 3941 2591 3990 sor
2611 3942 2752 4005 apud
2768 3943 2954 3989 Deum.

1907 4022 1977 4073 16.
2052 4024 2105 4071 in
2129 4023 2291 4082 caelis]
2325 4026 2376 4070 ἐν
2401 4022 2627 4083 οὐρανοῖς.
2697 4024 2766 4071 So
2791 4023 2990 4085 Chrys.,

650 3878 721 3913 10.
790 3861 1258 3920 nocuerit...n0cuit]
1316 3860 1569 3923 Similarly
1595 3861 1729 3923 Aug.

580 3941 1141 4004 (“n0cet...nocuit”);
1218 3942 1367 4005 Vulg.
1453 3943 1731 3991 “iniuriam

578 4027 929 4091 facit...inique
989 4022 1194 4088 gessit.'’
1262 4025 1419 4086 Apud
1467 4037 1611 4071 eum:
1666 4024 1729 4071 cs.

580 4111 712 4173 Eph.
748 4109 812 4158 vi.
842 4125 887 4174 9,
928 4126 1008 4157 vv.
1034 4108 1087 4157 ll.
1161 4109 1299 4174 Here
1334 4108 1416 4155 the
1450 4108 1615 4155 words
1649 4123 1732 4155 are

576 4202 664 4242 not
709 4193 1025 4257 represented
1070 4192 1121 4240 in
1157 4189 1355 4240 Thdt.'s
1401 4198 1518 4248 text,
1565 4190 1730 4238 whilst

577 4273 755 4334 Chrys.
803 4273 945 4320 reads
985 4274 1118 4331 παρὰ
1154 4271 1223 4331 τῷ
1258 4267 1364 4330 θεῷ.
1431 4270 1590 4333 Apud
1623 4286 1730 4317 eum

577 4367 737 4401 seems
772 4358 826 4400 to
866 4351 967 4400 find
1006 4352 1148 4415 place
1181 4351 1299 4413 only
1340 4351 1391 4398 in
1427 4350 1511 4398 the
1552 4349 1735 4412 Coptic

578 4433 766 4492 (Tisch.
804 4434 876 4481 ad
905 4433 956 4481 h.
982 4435 1054 4493 l.).
1130 4435 1154 4481 1
1191 4434 1318 4481 have
1353 4433 1571 4482 retained
1609 4433 1644 4479 it
1682 4432 1733 4479 in

1834 4105 2007 4162 Thdt.,
2038 4106 2126 4153 Sec.
2156 4105 2301 4161 (from
2328 4105 2459 4167 Eph.
2488 4105 2551 4152 vi.
2577 4104 2646 4169 9).
2706 4104 2856 4168 Vulg.
2889 4108 2919 4131 ‘⁶
2941 4106 2996 4155 in

1835 4186 1975 4234 caelo
1993 4184 2020 4205 ''
2048 4185 2234 4242 (sulci,
2264 4185 2452 4238 caelis).

1901 4282 1979 4314 21.
2049 4283 2150 4314 non
2192 4272 2250 4313 ut
2284 4266 2529 4329 aequales]
2595 4266 2750 4315 Thdt.
2792 4267 3000 4327 ἰσότητα

1836 4350 1890 4395 οὐ
1936 4350 2025 4406 τὴν
2071 4350 2372 4405 ἰσοτιμίαν
2415 4348 2652 4408 ἐκάλεσεν,
2711 4348 2848 4396 ἀλλὰ
2903 4348 2998 4409 τήν

1838 4432 2178 4491 προσήκουσαν
2202 4432 2499 4487 ἐπιμέλειαν.
2549 4429 2627 4478 Cf.
2657 4429 2865 4478 Philem.
2885 4447 2997 4494 arg.
