3293 5233
328 359 446 425 VI.
488 374 540 438 1,
572 360 654 445 2.]
1136 376 1219 426 IN
1269 377 1371 428 ΕΡ.
1418 379 1520 428 AD
1566 377 1919 431 GALATAs.
2621 378 2740 449 103

328 546 472 609 riae
542 547 691 610 illos
760 547 1045 624 uocauit,
1113 567 1193 613 eo
1261 549 1443 631 quod
1505 550 1856 614 ostendere
1915 568 1988 614 se
2059 549 2240 634 ipsos
2311 546 2612 617 uolentes
2673 561 2741 617 et

328 650 608 732 gloriam
685 651 773 715 ab
839 652 1221 716 hominibus
1284 653 1711 736 inquirenteS,
1772 673 1894 736 pro
1965 654 2209 737 quibus
2279 675 2414 718 non
2480 655 2740 722 fuerant

329 752 585 817 seducti
659 774 782 818 sua
864 755 1213 819 sententia.
1327 754 1761 837 ‘prouocare’
1836 763 2063 819 autem
2140 756 2333 833 dixit,
2410 777 2491 820 eo
2557 760 2736 841 quod

330 873 575 936 magna
635 856 722 919 de
778 877 850 919 se
899 857 1242 932 iactanteS,
1302 857 1389 920 ad
1451 857 1952 921 contentionem
2011 859 2531 923 commonebant
2589 859 2739 924 illos

329 955 442 1036 qui
503 950 950 1038 negauerant(
1026 969 1094 1023 et
1155 960 1336 1042 quod
1398 960 1643 1024 adiecit
1713 959 2090 1039 inuidentes,
2151 962 2447 1043 grauiter
2506 961 2739 1026 admo·
2812 970 2844 1037 5

327 1060 490 1122 dum
544 1060 613 1122 id
668 1070 735 1125 et
788 1070 1165 1145 opportune
1217 1064 1475 1128 adiecit.
1569 1064 1780 1127 ‘sicut
1827 1064 2004 1127 enim
2052 1063 2426 1130 inuidentes
2472 1066 2736 1131 illorum

327 1163 543 1239 saluti,
575 1166 667 1229 ita
713 1165 894 1231 hisce
938 1168 1354 1230 sermonibus
1401 1167 1721 1231 uidemini
1770 1189 1883 1231 eos
1930 1169 2015 1232 ad
2050 1170 2553 1235 contentionem
2586 1192 2738 1255 pro-

329 1286 583 1343 uocare,
616 1277 688 1331 ut
720 1268 902 1331 omni
945 1290 1033 1332 ex
1065 1278 1256 1351 parte
1300 1291 1342 1333 a
1383 1279 1606 1334 uestra
1642 1270 1992 1336 discedant
2028 1271 2534 1352 communione;
2582 1293 2734 1337 cum

328 1370 684 1446 conueniat
716 1362 855 1447 uos,
891 1373 1031 1453 (sed
1067 1392 1200 1435 non
1232 1373 1520 1437 salutem
1554 1394 1783 1438 eorum
1816 1396 1975 1439 uera
2007 1375 2264 1439 ratione
2296 1376 2735 1461 desideratis),

328 1471 793 1537 exhortatione
825 1476 1048 1556 potius
1080 1496 1194 1539 eos
1226 1477 1312 1539 ad
1346 1476 1413 1540 id
1460 1476 1640 1559 quod
1691 1476 1927 1540 melius
1968 1487 2069 1541 est
2116 1474 2468 1542 reuocare.’
2559 1479 2737 1542 unde

329 1575 759 1658 inproperans
820 1598 935 1640 eos
994 1599 1116 1660 pro
1176 1580 1418 1661 quibus
1480 1601 1613 1643 non
1677 1581 1849 1644 bene
1910 1591 2200 1664 egerant,
2263 1582 2483 1694 adicit,
2536 1584 2735 1651 simul

326 1678 571 1742 docens
605 1701 719 1743 eos
748 1682 1319 1763 quemadmodum
1354 1683 1569 1748 facere
1599 1685 1963 1748 deberent:

2774 1493 2852 1541 10

440 1813 718 1893 fratres,
771 1816 895 1879 etsi
918 1827 1415 1899 praeoccupatus
1446 1816 1674 1899 fieerit
1699 1817 1883 1881 homo
1935 1818 2005 1881 in
2057 1817 2276 1901 aliquo
2320 1816 2560 1896 delicte,
2622 1841 2740 1885 uos

325 1915 445 1997 qui
496 1918 826 1999 spiritales
881 1919 1049 1994 estis,
1112 1920 1413 1985 instruite
1465 1942 1610 1985 eum
1668 1922 1787 2005 qui
1840 1920 2161 1986 eiusmodi
2214 1932 2321 1999 est,
2374 1925 2449 1988 in
2497 1925 2739 2008 spiritu

327 2021 843 2085 mansuetudinis
859 2047 888 2097 ,·
932 2023 1343 2087 considerans
1373 2025 1660 2107 teipsum,
1694 2047 1774 2089 ne
1797 2037 1861 2089 et
1888 2037 1958 2090 tu
1991 2026 2330 2109 tempteris.

457 2156 585 2219 ‘sic
615 2159 829 2239 magis
860 2160 1171 2223 conuenit
1204 2159 1417 2222 facere
1465 2160 1731 2242 uos·qui
1763 2160 1922 2225 estis
1968 2161 2258 2243 perfecti,
2290 2164 2510 2229 uerbis
2542 2164 2740 2230 lenis-

327 2259 509 2323 simis
541 2282 654 2324 eos
695 2262 808 2344 qui
846 2272 1288 2346 peccauerunt
1334 2273 1741 2341 reuocante5‚
1770 2266 2102 2347 simulque
2147 2277 2530 2348 reputantes
2576 2290 2740 2351 quo-

327 2367 506 2430 niam
568 2356 890 2430 homines⁴
932 2377 998 2431 et
1059 2389 1179 2431 uos
1240 2368 1418 2443 estiS‚
1468 2368 1638 2432 sicut
1693 2378 1760 2432 et
1811 2369 1923 2442 illi,
1975 2370 2088 2452 qui
2144 2371 2429 2435 multam
2479 2374 2740 2456 perpeti

327 2469 845 2534 mutabilitatem
892 2471 981 2534 ob
1033 2479 1312 2534 naturae
1366 2471 1651 2554 potestis
1702 2470 2222 2535 inbecillitatem.
2314 2481 2383 2536 et
2435 2473 2549 2538 illa
2596 2475 2742 2557 ipsa

322 2577 622 2635 struens:
2772 2580 2857 2631 20

456 2698 729 2762 inuicem
756 2720 950 2762 onera
980 2709 1197 2764 uestra
1210 2710 1487 2784 portate,
1519 2709 1584 2764 et
1607 2699 1702 2764 sic
1728 2701 2164 2784 adimplebitis
2194 2701 2391 2785 legem
2426 2702 2695 2770 Christi.

456 2830 584 2913 †ut
614 2834 795 2900 dicat
825 2836 1244 2901 ‘caritatem'
1334 2837 1507 2901 hanc
1543 2837 1722 2901 enim
1755 2846 1952 2902 uocat
1993 2837 2190 2920 legem
2224 2835 2492 2905 Christi.
2584 2843 2600 2874 ‘
2620 2841 2741 2905 sed

463 3033 594 3120 [ἵνα
616 3034 769 3120 εἴπῃ
791 3034 906 3116 τὴν
929 3033 1210 3118 α’·γάπην·
1240 3034 1478 3117 ταύτην
1506 3036 1635 3124 «γὰρ
1662 3036 1862 3121 λέγει]
1898 3034 2120 3119 νόμον
2149 3036 2512 3122 Χριστοῦ.
2563 3033 2744 3102 ἀλλὰ

429 3220 475 3263 2,
507 3221 534 3267 3
569 3220 783 3268 namque
807 3204 840 3254 f.
866 3221 905 3253 s.
931 3205 1018 3256 &c.
1054 3204 1126 3254 C*
1152 3222 1250 3254 non
1276 3205 1308 3253 f.
1334 3221 1373 3254 s.
1398 3206 1463 3255 ab
1486 3221 1573 3255 sua
1596 3214 1720 3256 sent.
1757 3207 1799 3255 C
1816 3206 1963 3268 (corr)
2076 3203 2272 3269 iamque
2296 3203 2328 3254 f.
2358 3221 2398 3254 s.
2423 3221 2512 3254 sua
2533 3211 2655 3255 sent.
2688 3207 2753 3255 H

327 3307 357 3349 4
392 3286 772 3336 commonebant
797 3287 866 3334 H
1118 3300 1243 3349 5—7
1277 3287 1703 3349 grauiter...saluti
1726 3303 1803 3335 om
1830 3288 1895 3335 H
2168 3289 2198 3336 8
2231 3286 2345 3335 coin
2371 3285 2485 3350 (for
2502 3285 2659 3349 omni)
2688 3288 2754 3336 H

326 3386 357 3435 9
391 3369 432 3416 si
453 3368 565 3432 (χόν
584 3369 672 3416 sed
692 3369 810 3428 non)
836 3368 878 3416 C
899 3367 1040 3430 (corr)
1070 3366 1078 3431 Ι
1109 3367 1400 3417 desideratis
1421 3384 1498 3416 om
1525 3369 1593 3417 H
1676 3383 1730 3429 13
1755 3368 1906 3417 etiam
1929 3369 2021 3417 etsi
2044 3369 2112 3416 H
2200 3384 2264 3418 20
2285 3377 2508 3417 astruens
2531 3369 2575 3417 C
2596 3370 2743 3430 (corr)

328 3467 354 3499 2
362 3467 388 3514 3
413 3467 487 3514 sq.
515 3449 669 3498 Coisl.
696 3463 790 3511 204
815 3450 849 3498 f.
874 3467 933 3513 4²
957 3451 990 3497 b
1014 3450 1122 3511 [Cr.
1144 3450 1206 3498 vi.
1238 3449 1317 3506 86,
1345 3450 1424 3498 Fr.
1463 3449 1575 3514 129]
1603 3451 1844 3511 θεόδωρος.
1920 3449 2065 3498 ἄλλος
2090 3450 2142 3498 δέ
2165 3457 2331 3510 φησιν·
2367 3450 2509 3508 νόμον
2530 3451 2745 3511 Χρισπῦ

325 3533 414 3589 τὴν
436 3531 636 3592 ἀγάπην
660 3531 823 3590 φησίν.

326 3615 474 3662 κ.τ.λ.

886 3531 1017 3579 ἀλλὰ
1039 3531 1118 3578 καὶ
1142 3532 1422 3589 κοινωνῆσαι
1444 3528 1575 3590 αὐτῷ
1598 3530 1655 3578 τὸ
1681 3529 1876 3591 φορτίον
1897 3529 2118 3589 ὀφείλεις·
2154 3530 2296 3578 τοῦτο
2321 3531 2371 3577 δὲ
2393 3533 2579 3591 γίνεται
2602 3530 2737 3592 ὅταν,

397 3748 415 3781 1
432 3749 471 3782 1.
539 3733 1218 3799 inproperansJ=6veeiiiswvz
1259 3734 1474 3794 Ronsch,

324 3815 477 3876 Itala,
506 3832 554 3879 p.
590 3832 696 3881 194.

398 3899 473 3945 18.
546 3897 762 3945 homines
794 3904 840 3945 et
877 3913 962 3945 uos
995 3897 1124 3959 estis]
1187 3897 1363 3946 Thdt.:
1400 3895 1478 3945 ἅν-

328 3978 514 4039 θρωπος
537 3978 593 4032 εἴ,
618 3982 828 4039 τρεπτὴν
849 3978 976 4037 ἔχων
996 3982 1086 4039 τὴν
1108 3975 1271 4038 φύσιν·
1306 3979 1478 4026 συνάλ-

324 4077 480 4121 γησον
501 4058 573 4121 τῷ
598 4064 749 4110 κακῶς
773 4063 1058 4121 διακειμένῳ.

392 4160 471 4193 21.
528 4161 674 4193 onera
709 4152 868 4193 uestra
892 4144 1102 4207 portate]
1170 4145 1351 4209 Comp.
1392 4145 1477 4195 be·

323 4228 437 4286 low,
458 4245 505 4275 v.
524 4241 592 4289 5.,
611 4232 796 4276 “suum
821 4228 1049 4291 pondus
1067 4227 1336 4291 portabit.”
1372 4229 1479 4277 Our

324 4310 589 4358 translator
632 4309 673 4357 is
719 4308 901 4357 careful
946 4316 999 4357 to
1043 4307 1337 4370 distinguish
1394 4308 1478 4358 the

324 4405 592 4452 synonyms
630 4387 788 4450 (βάρη,
818 4387 1049 4450 φορτίον),
1079 4387 1266 4451 though
1303 4390 1353 4438 in
1393 4390 1478 4438 the

324 4470 474 4519 Latin
491 4471 710 4521 versions
732 4486 856 4519 onus
879 4470 919 4520 is
942 4470 1063 4520 used
1089 4470 1164 4519 for
1179 4471 1319 4520 both.
1369 4472 1476 4521 Not

1584 3749 1641 3782 so
1665 3732 1760 3782 Th.
1791 3732 2004 3790 himself,
2032 3734 2146 3782 who
2171 3734 2221 3783 in
2244 3734 2329 3783 the
2344 3751 2524 3784 comm.
2549 3751 2614 3784 on
2639 3752 2685 3784 v.
2713 3752 2739 3786 2

1583 3815 1871 3864 substitutes
1902 3815 2098 3878 φορτίον
2127 3816 2202 3864 sor
2231 3815 2384 3878 βάρηι
2426 3833 2507 3866 see
2530 3817 2566 3866 1.
2586 3832 2645 3881 23
2663 3834 2740 3883 sq.

1585 3900 1683 3959 (νν.
1714 3897 1809 3958 11.).

1646 3980 1987 4045 adimplebitis]
2035 3981 2217 4030 Unless
2263 3983 2347 4030 the
2392 3983 2655 4030 translator
2699 3983 2740 4032 is

1581 4063 1815 4128 thinking
1848 4065 1906 4112 os
1943 4065 2027 4113 the
2066 4065 2213 4113 Latin
2250 4065 2484 4123 versions,
2526 4064 2740 4122 ἀναπλη-

1580 4148 1760 4209 ρώσετε
1783 4148 1927 4196 stood
1953 4147 2004 4195 in
2027 4147 2167 4196 Th.’s
2191 4155 2310 4196 text.
2357 4148 2657 4207 Theodoret,
2686 4164 2741 4197 as

1580 4227 1764 4285 edited‚
1795 4229 1937 4277 reads
1962 4225 2360 4289 ἀναπληρώσατε,
2391 4230 2461 4277 ad
2488 4230 2538 4276 h.
2562 4231 2627 4289 l.;
2662 4231 2740 4280 his

1579 4317 1829 4358 comment
1865 4309 1906 4357 is
1939 4311 2262 4373 ambiguous:
2305 4310 2448 4360 οὕτως
2482 4311 2580 4374 ’γὰρ
2616 4314 2739 4372 πλη-

1577 4388 1745 4452 ροῦται
1767 4389 1851 4450 τῆς
1875 4387 2071 4451 ἀγάπης
2096 4392 2120 4438 ὁ
2143 4388 2293 4450 νόμος.

1646 4488 1723 4522 22.
1781 4478 1837 4522 ut
1870 4472 2001 4521 dicat
2041 4473 2319 4522 ‘caritatem
2338 4471 2372 4535 ⁹]
2453 4473 2629 4523 Thdt.:
2666 4472 2738 4523 νό-
