3293 5233
312 415 390 479 V.
435 417 726 502 18—21.]
1137 431 1220 483 m
1271 432 1373 485 ΕΡ.
1420 431 1523 482 AD
1568 431 1924 485 GALATAS.
2638 435 2727 501 99

313 597 573 663 futurae
632 602 812 664 uitae
870 601 1290 684 consistunt),
1350 621 1553 691 quam
1608 600 1853 669 imitari
1903 621 2017 667 eos
2069 602 2435 671 secundum
2485 604 2723 666 uirium

313 701 709 783 qualitatem
765 704 829 766 in
881 706 1213 785 praesenti
1275 706 1592 769 conuenit
1656 706 1812 771 uita.
1903 704 2148 771 deinde
2209 726 2298 773 ex
2374 705 2502 773 illis
2563 706 2724 788 ipsis

314 808 520 871 etiam
553 808 766 871 omnis
798 809 1120 872 sermonis
1151 808 1543 891 comprobat
1574 810 2029 895 propositum:

442 968 511 1032 si
531 978 748 1032 autem
783 968 1045 1051 Spiritu
1073 969 1407 1046 ducimini,
1440 990 1565 1032 non
1596 970 1749 1032 estis
1777 970 1895 1033 sub
1924 970 2065 1051 lege.

447 1104 570 1168 ‘ad
631 1104 907 1187 plenum
972 1104 1235 1187 (inquit)
1300 1104 1671 1168 secundum
1736 1104 1851 1168 illa
1911 1106 2156 1181 uiuitis,
2221 1125 2344 1168 nec
2402 1106 2527 1169 sub
2577 1106 2724 1191 lege
2799 1121 2829 1186 5

316 1206 490 1271 ultra
550 1230 670 1271 uos
734 1209 960 1272 uiuere
1019 1217 1122 1273 est
1176 1208 1527 1291 possibile.’
1617 1210 1874 1291 optime
1936 1209 2002 1271 in
2063 1208 2131 1271 id
2193 1209 2385 1293 ipsud
2448 1218 2724 1292 utraque

315 1311 569 1395 colligit
623 1334 710 1376 ex
758 1312 884 1376 illis
930 1335 1104 1396 quae
1149 1314 1235 1377 ab
1282 1312 1411 1377 illis
1457 1313 1917 1389 credebantur,
1963 1313 2143 1395 quod
2191 1334 2324 1376 non
2370 1294 2726 1379 conueniat

317 1434 429 1476 eos
493 1435 784 1496 peccare,
844 1437 1061 1498 neque
1116 1417 1240 1480 sub
1300 1416 1449 1499 lege
1509 1437 1671 1480 esse.
1748 1436 1905 1479 nam
1959 1414 2276 1479 mortales
2336 1425 2403 1479 et
2452 1436 2726 1498 peccare

317 1524 614 1597 possunt,
670 1527 738 1581 et
787 1517 1003 1599 legem
1072 1517 1325 1582 habent
1379 1519 1820 1582 necessariam
1895 1539 2068 1602 quae
2128 1518 2277 1581 illos
2337 1539 2378 1582 a
2452 1529 2726 1600 peccato

317 1620 527 1699 possit
576 1619 962 1701 prohibere3
1026 1621 1359 1704 superflua
1401 1642 1558 1685 uero
1607 1632 1889 1704 utraque
1943 1621 2341 1686 uidebantur
2382 1643 2539 1705 erga
2580 1622 2727 1687 illos
2764 1641 2840 1688 10

316 1723 430 1803 qui
485 1730 553 1785 et
606 1743 647 1785 a
694 1734 908 1787 morte
955 1733 1110 1788 sunt
1160 1727 1388 1802 securi,
1439 1735 1506 1789 et
1561 1747 1837 1808 peccare
1898 1727 2171 1790 ulterius
2233 1749 2368 1791 non
2429 1739 2725 1811 possunt.

318 1824 562 1888 deinde
594 1834 662 1889 et
695 1827 1035 1890 euidenter
1065 1836 1419 1911 utrumque
1451 1829 1538 1892 ab
1568 1829 1887 1893 alterutro
1917 1838 2201 1912 separat,
2236 1831 2462 1893 dicens
2491 1856 2504 1895 :

452 1982 804 2064 manifesta
847 1995 1062 2048 autem
1111 1996 1266 2049 sunt
1330 1997 1516 2068 opera
1565 1988 1784 2050 carnis
1802 2011 1829 2061 ,·
1899 2009 2062 2070 qnae
2103 1999 2259 2051 sunt
2313 1988 2731 2060 adulterium,

302 2082 681 2164 fornicatio,
745 2087 1186 2165 immunditia,
1242 2088 1668 2170 impudicitia,
1712 2088 2029 2153 idolorum
2075 2091 2370 2165 seruitus,
2417 2090 2732 2172 ueneficio,

322 2187 717 2265 inimicitiae,
766 2191 1196 2267 contentiones,
1243 2193 1714 2269 aemulationes,
1749 2196 2244 2274 prouocationes,
2297 2195 2733 2270 dissensioneS,
2768 2214 2837 2279 15

319 2292 617 2370 haereses,
680 2295 988 2374 inuidiae,
1060 2296 1425 2374 homicidia,
1498 2297 1849 2377 ebrietates,
1922 2299 2411 2376 comessationes,
2498 2310 2560 2362 et
2628 2300 2735 2363 leis

319 2397 586 2461 similia.

453 2552 769 2634 quoniam
803 2574 934 2616 non
969 2554 1138 2618 sicut
1169 2553 1440 2635 quidam
1473 2551 1955 2616 haereticorum
1989 2554 2560 2629 existimauerunt,
2595 2575 2735 2618 car-

325 2674 477 2716 nem
499 2664 804 2719 naturam
829 2667 1122 2725 nostram
1147 2657 1289 2719 uult
1315 2658 1555 2735 dicere,
1582 2656 1857 2719 euidens
1883 2665 1998 2719 est.
2046 2677 2199 2719 nam
2228 2666 2295 2738 et
2321 2657 2730 2720 inimicitiam

323 2766 389 2820 et
423 2758 747 2821 idolorum
782 2759 1107 2822 culturam
1141 2769 1208 2824 et
1251 2761 1570 2824 inuidiam
1603 2770 1672 2823 et
1704 2762 1869 2824 iram
1902 2768 1969 2823 et
2000 2762 2130 2826 alia
2154 2783 2325 2843 quae
2356 2761 2732 2826 huiusmodi
2764 2782 2848 2830 20

322 2874 493 2940 sunt,
542 2866 755 2929 carnis
808 2885 954 2927 esse
1013 2865 1226 2943 dixit;
1296 2885 1470 2948 quae
1520 2865 1862 2947 passiones
1912 2864 2115 2928 solius
2163 2868 2427 2932 animae
2488 2866 2736 2948 perspi—

324 2986 444 3028 cue
494 2987 636 3029 esse
687 2966 1011 3030 uidentur.
1103 2967 1262 3031 dicit
1303 2977 1530 3031 autem
1573 2968 1890 3049 quoniam
1948 2968 2373 3032 manifestata
2415 2977 2568 3030 sunt
2623 2967 2737 3031 illa

323 3090 495 3150 quae
545 3069 609 3131 in
661 3079 895 3133 natura
937 3070 1200 3134 mortali
1239 3073 1466 3154 peragi
1508 3081 1806 3155 possunt.
1902 3077 2107 3153 ‘quae
2154 3073 2313 3136 illa?
2403 3071 2515 3135 illa
2552 3093 2727 3154 quae

324 3171 703 3254 praedixi:’

419 3369 451 3420 6
486 3372 536 3422 in
559 3388 637 3420 om
661 3373 728 3421 H
919 3374 994 3434 18,
1030 3388 1086 3438 19
1121 3390 1237 3432 non,
1267 3381 1493 3422 naturam
1516 3389 1593 3421 om
1620 3375 1686 3422 H
1869 3389 1925 3422 21
1965 3372 2160 3421 animae
2183 3390 2259 3421 om
2288 3368 2352 3422 H·
2505 3389 2563 3422 22
2602 3373 2735 3438 quod

323 3453 434 3518 (sor
454 3457 625 3518 quon.)
650 3455 714 3503 H
733 3453 741 3518 l
772 3469 874 3503 non
900 3454 1205 3518 (bef‘manif.)
1229 3454 1333 3503 add
1356 3453 1424 3502 C*
1678 3470 1704 3503 ἰ
1713 3469 1739 3517 3
1775 3454 2009 3503 mortales
2033 3456 2098 3503 H
2119 3454 2126 3516 1
2154 3470 2281 3518 quae
2305 3454 2439 3502 illam
2469 3454 2538 3502 C*

394 3651 468 3684 ια.
525 3641 696 3683 utrum
729 3635 789 3683 ab
821 3636 1076 3696 alterutro]
1144 3635 1226 3684 On
1261 3635 1359 3684 this
1393 3650 1479 3684 use
1654 3637 1722 3684 18.
1802 3635 1926 3682 sicut
1965 3633 2164 3697 quidam
2210 3634 2578 3694 hoereticorum]
2641 3635 2736 3683 See

321 3717 379 3766 os
409 3718 656 3776 alteruter,
702 3733 783 3766 see
826 3717 1065 3773 Paucker,
1112 3717 1227 3779 spic.
1272 3716 1476 3764 addend.
1579 3716 1756 3770 above,
1798 3731 1846 3778 p.
1893 3730 1971 3779 94,
2017 3715 2049 3763 l.
2096 3729 2141 3776 5,
2186 3723 2320 3764 note.
2412 3715 2490 3763 Cf.
2530 3716 2733 3778 Chrys:

321 3799 413 3848 lex.
472 3799 559 3847 lot.
613 3815 700 3863 pp.
752 3813 797 3862 7,
844 3802 872 3848 8
888 3818 903 3858 3
959 3801 1190 3861 Beitrizgre
1239 3815 1332 3846 zur
1383 3799 1471 3847 lat.
1582 3799 1787 3846 ἐνταῦθα
1822 3798 1872 3845 δὲ
1902 3798 2198 3845 ἐπιτίθενται
2237 3813 2360 3846 τινες
2399 3799 2623 3857 λέγοντες
2661 3800 2735 3846 ὅτι

320 3881 434 3937 lex„
472 3896 523 3944 p.
563 3879 658 3930 608
678 3899 695 3942 3
748 3881 813 3930 ef.
866 3881 1064 3944 Lumby
1120 3881 1220 3928 and
1277 3880 1473 3943 Mayor,
1580 3880 1751 3925 διεῖλεν
1773 3879 1837 3925 εἰς
1862 3879 1941 3924 δύο
1964 3879 2047 3925 τὸν
2070 3876 2319 3937 ἄνθρωπον
2342 3878 2367 3925 ὁ
2390 3878 2659 3927 ἀπόστολος

321 3980 369 4027 p.
400 3961 514 4024 446.
1582 3964 1661 4011 καὶ
1684 3963 1850 4022 μάχην
1875 3962 1943 4022 τῷ
1969 3964 2155 4018 σώματι
2179 3964 2295 4022 πρὸς
2327 3963 2415 4020 τὴν
2449 3964 2612 4022 ψυχὴν
2646 3962 2735 4009 δει-

393 4059 468 4105 13.
552 4059 674 4106 quae
703 4051 822 4092 sunt
851 4044 1008 4093 adult.
1050 4043 1164 4104 ἂι]
1238 4044 1362 4093 This
1397 4044 1475 4094 list
1581 4045 1684 4092 κνὺς
1733 4041 1896 4091 οὖσαν.
1978 4041 2085 4091 ἀλλ’
2131 4044 2215 4090 οὐκ
2261 4044 2393 4091 ἔστιν
2435 4045 2603 4099 ταῦτα,
2655 4044 2737 4088 οὐκ

320 4125 381 4174 of
396 4127 497 4172 sins
521 4123 571 4172 in
595 4122 735 4172 Th.’s
759 4132 861 4173 text
884 4142 1043 4174 seems
1066 4133 1118 4174 to
1151 4126 1275 4175 have
1299 4128 1475 4175 stood:
1579 4127 1734 4174 ἔστιν·
1766 4125 1925 4185 σάρκα
1947 4126 2044 4187 ’γὰρ
2066 4127 2272 4173 ἐνταῦθα
2297 4126 2423 4172 οὐτὸ
2441 4126 2581 4181 σῶμα
2600 4125 2742 4172 καλεῖ

319 4206 529 4265 μοιχεία,
545 4206 756 4266 πορνεία,
777 4204 1067 4266 ἀκαθαρσία,
1084 4204 1332 4268 ἀσέλγεια,
1350 4210 1475 4256 εἰδω-
1661 4207 1691 4267 ἡ
1724 4207 1821 4267 γὰρ
1856 4206 2079 4260 ἐπιθυμία
2113 4208 2166 4253 οὑ
2200 4207 2371 4266 σαρκὸς
2401 4206 2532 4252 ἀλλὰ
2558 4206 2731 4266 ψυχῆς,

319 4286 597 4346 λολατρεία,
617 4288 924 4348 φαρμακεῖαι,
948 4289 1136 4348 ἔχθραι,
1161 4290 1291 4347 ἕρεις,
1322 4291 1471 4352 ζῆλοι,
1582 4290 1733 4337 κ.τ,λ.
1815 4288 1861 4335 Τ
1864 4287 1994 4335 hdt.:
2043 4288 2107 4335 τὰ,
2140 4289 2324 4335 τούτοις
2368 4288 2509 4344 ὅμοια
2555 4289 2608 4334 οὐ
2653 4288 2738 4344 τῆς

320 4368 532 4427 ἐριθεῖαι,
550 4368 868 4427 διχοστασίαι,
886 4369 1104 4428 αἱρέσεις,
1125 4367 1307 4426 φθόνοι,
1327 4370 1480 4431 φόνοι,
1583 4368 1754 4428 σαρκὸς
1784 4365 1921 4414 ἀλλὰ
1943 4367 2026 4426 τῆς
2054 4367 2211 4429 ψυχῆς
2235 4369 2366 4416 ἐστιν
2389 4370 2499 4414 ἴδια.
2569 4369 2623 4414 οὐ
2644 4369 2736 4414 τοί-

319 4447 481 4503 μέθαι,
500 4447 877 4504 tribum—unless
883 4447 1245 4508 prouocationes
1260 4446 1300 4493 is
1315 4455 1482 4496 meant
1583 4468 1667 4497 νυν
1688 4451 1773 4508 τῆς
1797 4449 1970 4509 σαρκὸς
2002 4452 2272 4512 κατηγορεῖ,
2314 4448 2446 4498 ἀλλὰ
2480 4453 2564 4497 τοῦ
2597 4451 2736 4513 ρᾳθύ·

321 4535 374 4575 to
397 4543 544 4576 cover
568 4527 690 4576 both
715 4528 851 4586 θυμοί
875 4528 974 4576 and
999 4527 1208 4588 ἐριθεῖαι.
1581 4548 1675 4587 μου
1696 4530 2013 4590 φρονήματος.

2398 4643 2565 4707 7-2
