3293 5233
567 401 654 463 24
1227 390 1683 444 rrmsononus
1730 390 2313 445 MOPSUESTENUS
2374 442 2377 449 ,
2590 379 2706 463 [ΙΙ.
2748 394 2844 461 15,
2884 382 2978 444 16.
3052 422 3059 427 .

565 591 695 653 que
732 570 910 632 enirn
940 566 1269 649 dignitate
1299 565 1802 640 contendenteS‚
1833 574 2285 647 proponentes
2322 586 2451 649 pro
2485 568 2786 649 partibus
2825 568 2979 642 suis,

565 673 846 739 stultum
905 692 1053 735 esse
1110 678 1475 745 censerent,
1534 669 1648 732 alii
1709 678 1863 751 post
1926 668 2211 745 Petrum,
2281 668 2395 732 alii
2455 679 2610 752 post
2680 670 2982 746 Paulum,

567 779 772 843 alium
809 776 1078 858 quidem
1126 773 1417 856 recipere
1461 772 1760 835 ueritatis
1804 772 2214 854 magistrum.

699 898 912 962 usque
972 878 1039 940 in
1096 876 1274 939 hunc
1332 876 1554 939 locum
1599 876 1792 960 bene⁴
1824 876 1908 939 de
1961 896 2034 939 se
2096 876 2340 938 Paulus
2407 874 2788 940 satisfacere
2854 877 2981 940 sub

501 1000 534 1066 5
568 983 786 1065 specie
842 979 1180 1044 referentis
1233 979 1632 1062 properauit.
1744 979 1971 1042 omnia
2017 978 2289 1061 quidem
2337 999 2508 1060 quae
2552 998 2674 1042 sua
2721 977 2980 1041 fuerant

568 1082 1030 1166 comproban3‚
1065 1080 1290 1144 omnia
1323 1101 1480 1144 uero
1518 1100 1690 1162 quae
1722 1081 1815 1143 ab
1840 1080 2237 1144 aduersariis
2268 1080 2449 1145 dicta
2480 1082 2567 1144 de
2606 1101 2680 1145 se
2720 1080 2981 1145 fuerant

569 1185 737 1251 falsa
776 1205 922 1249 esse
965 1184 1371 1261 ostendens;
1423 1185 1517 1247 ita
1565 1192 1791 1247 autem
1839 1184 2143 1247 modeste
2184 1193 2426 1248 cuncta
2473 1184 2858 1267 explicauit‚
2907 1193 2981 1248 ut

569 1311 688 1373 per
717 1290 942 1353 omnia
974 1287 1202 1371 fugere
1234 1287 1571 1350 uideretur
1597 1287 1862 1370 pondus
1897 1307 2125 1350 eorum
2158 1286 2511 1351 uerborum
2544 1307 2718 1368 quae
2754 1286 2839 1350 ad
2880 1287 2984 1349 sui

567 1400 854 1464 faciebat
894 1398 1415 1463 excusationem.
1508 1397 1740 1480 incipit
1777 1419 1935 1461 uero
1975 1396 2132 1461 h-inc
2174 1396 2316 1480 ipsa
2360 1396 2683 1479 dogmata
2727 1397 2982 1460 exami-

467 1521 545 1568 10
571 1511 836 1568 nare-et
875 1501 1226 1565 ostendere
1265 1502 1423 1583 quia
1461 1499 1641 1564 nulla
1685 1501 1940 1564 ratione
1983 1501 2229 1563 iustum
2271 1509 2374 1564 est
2419 1521 2531 1563 eos
2577 1507 2733 1582 post
2778 1499 2980 1563 fidem

570 1625 773 1688 quarn
821 1606 887 1668 in
932 1603 1197 1668 Christo
1243 1614 1639 1687 acceperant
1687 1603 1859 1667 ultra
1905 1603 2034 1685 legi
2083 1603 2411 1667 inseruire.
2501 1603 2674 1666 bene
2718 1624 2806 1667 ex
2854 1602 2981 1666 illis

569 1708 982 1773 sermonibus
1014 1727 1183 1789 quos
1223 1706 1309 1769 ad
1356 1707 1629 1771 beatum
1680 1707 1951 1769 Petrum
1998 1705 2230 1770 fecisse
2275 1706 2541 1770 uidetur
2584 1707 2980 1789 principium

571 1812 967 1895 dogmatum
999 1819 1067 1873 et
1107 1810 1438 1873 examinis
1469 1811 1773 1892 sumpsit,
1808 1810 1902 1873 ita
1941 1809 2204 1873 dicens:

700 1966 816 2010 nos
843 1955 1056 2009 autem
1090 1954 1333 2008 natura
1361 1944 1601 2007 Iudaei
1634 1955 1698 2008 et
1731 1966 1856 2007 non
1886 1966 1965 2007 ex
1987 1945 2293 2027 gentibus
2321 1955 2692 2027 peccatores,
2725 1947 2985 2009 scientes

469 2060 537 2125 15
571 2050 875 2133 quoniam
920 2068 1045 2109 non
1100 2047 1501 2128 instzficatur
1543 2046 1725 2108 homo
1772 2068 1850 2109 ex
1889 2046 2180 2127 operibus
2230 2047 2407 2127 legis,
2456 2048 2591 2110 nisi
2622 2058 2747 2128 per
2773 2048 2981 2131 fidem

570 2153 717 2216 Iesu
754 2149 1018 2225 Christi,
1050 2159 1113 2212 et
1152 2170 1268 2211 nos
1300 2148 1420 2230 [in]
1456 2148 1670 2216 Iesum
1708 2146 2039 2213 Christum
2078 2148 2414 2224 credimus,
2448 2160 2524 2212 ut
2563 2150 2988 2234 iustificemur

571 2281 650 2322 ex
662 2258 807 2342 fide
838 2253 1094 2322 Christi
1127 2264 1188 2315 et
1215 2274 1339 2315 non
1377 2273 1455 2315 ex
1479 2252 1770 2334 operibus
1797 2252 1958 2334 legzls
1973 2276 2004 2329 ,·
2049 2275 2116 2316 eo
2152 2254 2327 2336 quod
2360 2276 2485 2317 non
2524 2255 2990 2340 iustificabitur

575 2381 651 2422 ex
691 2356 979 2439 operibus
1022 2355 1182 2438 legis
1224 2357 1435 2419 omnis
1477 2377 1641 2419 caro,

708 2540 863 2596 ‘nos
895 2532 1167 2615 quidem
1199 2552 1332 2595 non
1374 2553 1462 2595 ex
1505 2532 1817 2614 gentibus
1859 2531 1944 2594 ad
1991 2531 2207 2614 legem
2250 2533 2685 2610 accessimus;
2739 2539 2854 2601 sed
2898 2538 2984 2600 ab

466 2661 550 2707 20
577 2636 828 2719 origine
859 2655 946 2698 ex
983 2634 1380 2698 Iudaeorum
1414 2635 1618 2716 stirpe
1651 2634 2132 2698 descendimus,
2203 2643 2662 2698 uerumtamen
2703 2639 2986 2702 scientes

578 2740 890 2823 quoniam
947 2758 1081 2800 non
1129 2746 1228 2799 est
1276 2737 1589 2819 possibile
1652 2758 1740 2800 ex
1794 2736 2102 2819 operibus
2149 2737 2314 2818 legis
2360 2737 2697 2799 iustificari
2752 2759 2985 2820 quem-

577 2862 800 2927 quam,
853 2840 1119 2906 Christo
1179 2841 1523 2916 credimuS,
1575 2839 1773 2904 simul
1836 2861 1954 2922 per
2015 2840 2194 2902 illam
2258 2839 2458 2903 fidem
2528 2861 2698 2922 quae
2760 2850 2861 2903 est
2921 2842 2986 2903 in

581 2946 848 3013 Christo
888 2954 1324 3026 expectantes
1357 2954 1425 3008 et
1457 2945 1578 3027 ipsi
1615 2942 1950 3007 iustificari
1977 2965 1991 3022 ;
2027 2964 2105 3006 eo
2138 2944 2317 3026 quod
2352 2965 2439 3007 ex
2472 2943 2781 3026 operibus
2823 2944 2989 3025 legis

580 3049 913 3115 iustificari
963 3069 1095 3113 non
1138 3049 1524 3131 possumus?
1620 3046 1796 3109 hunc
1841 3047 2112 3129 quidem
2160 3067 2426 3109 sensum
2476 3055 2543 3109 et
2591 3047 2655 3108 in
2704 3047 2991 3129 epistola

471 3177 546 3243 25
581 3154 800 3238 posuit
832 3174 1033 3237 quam
1077 3154 1161 3217 ad
1209 3152 1552 3215 Romanos
1589 3151 1867 3232 scripsit,
1899 3151 2215 3232 quoniam
2250 3170 2383 3213 non
2416 3158 2517 3212 est
2554 3148 2867 3233 possibile
2899 3171 2989 3213 ex

679 3355 707 3401 3
743 3338 946 3402 quidam
987 3337 1029 3385 C
1035 3336 1062 3361 ⁴*
1099 3337 1165 3385 fl
1383 3351 1414 3398 9
1452 3336 1687 3398 dogmate
1727 3334 1803 3383 C*
1836 3337 1896 3384 H
1930 3334 2057 3399 (ipso
2087 3335 2320 3399 dogmate
2355 3336 2421 3384 H
2452 3334 2619 3399 (ων-ἠ)
2856 3349 2907 3383 11
2944 3335 2995 3382 b.

581 3429 747 3468 autem
792 3435 852 3467 ex
899 3419 931 3465 i.
969 3418 1036 3466 II
1064 3413 1209 3480 (corr)
1410 3432 1486 3472 21,
1532 3431 1610 3478 23,
1659 3417 1923 3465 iustificare
1974 3417 2049 3466 C*
2096 3419 2164 3467 H
2386 3432 2445 3467 22
2494 3417 2633 3465 illum
2684 3414 2762 3465 C*
2808 3415 2875 3464 H

656 3606 731 3641 η.
796 3590 959 3654 princ.
1016 3589 1320 3652 dog-matum]
1388 3589 1487 3638 Th.
1542 3590 1745 3651 regards
1912 3590 1985 3641 16.
2059 3591 2161 3652 [in]
2192 3593 2240 3641 I.
2285 3592 2338 3640 C.
2378 3591 2641 3652 credimus]
2696 3592 2807 3640 The
2851 3608 2991 3656 prep-

585 3677 670 3725 the
694 3673 949 3735 following
982 3687 1145 3721 verses
1180 3687 1234 3719 as
1269 3672 1533 3719 addressed
1573 3680 1624 3721 to
1661 3674 1745 3721 the
1845 3672 1934 3720 has
1957 3672 2107 3720 fallen
2132 3683 2216 3722 out
2242 3675 2290 3721 in
2312 3674 2397 3721 the
2416 3674 2597 3731 MSS.;
2631 3673 2692 3721 cf.
2717 3673 2998 3731 Scrivener,

589 3755 784 3804 readers
814 3754 872 3802 os
899 3754 984 3803 the
1014 3754 1129 3816 Ep.‚
1155 3760 1243 3800 not
1275 3768 1328 3800 as
1352 3768 1381 3800 a
1404 3753 1743 3802 continuation
1851 3753 1961 3800 Cod.
1990 3754 2121 3816 Aug.
2153 3769 2202 3816 p.
2232 3765 2342 3816 497,
2374 3752 2448 3800 for
2480 3768 2511 3799 a
2544 3752 2732 3800 similar
2764 3753 3002 3801 omission

589 3836 646 3885 os
684 3837 726 3883 εἰ
769 3836 828 3884 σὺ
869 3832 1107 3890 Ἰουδαῖος,
1155 3836 1306 3881 tra-,h
1358 3833 1424 3893 (v.
1465 3832 1554 3894 14).
1650 3834 1746 3882 See
1845 3834 1905 3881 of
1942 3834 2027 3882 the
2066 3836 2128 3883 εἰς
2166 3834 2215 3882 in
2256 3849 2287 3881 a
2327 3833 2426 3882 Gk.
2469 3835 2675 3882 cursive.
2750 3835 3004 3883 Credimus

589 3921 764 3982 Meyer
785 3917 921 3965 adh.
950 3917 984 3966 l.
1848 3911 2267 3973 (ἐπιστεύσαμεν);
2324 3926 2380 3959 so
2421 3911 2485 3960 O.
2525 3911 2608 3969 L„
2651 3927 2775 3959 even
2822 3911 2873 3960 in
2919 3912 3003 3960 the

660 4018 735 4061 14.
793 4016 892 4048 non
928 4015 988 4048 ex
1017 3997 1258 4061 gmtz'bus]
1319 3997 1429 4046 The
1470 3997 1661 4061 margin
1698 3998 1758 4045 of
1847 3996 2200 4044 Graeco-Latin
2226 3996 2280 4042 M
2287 3996 2398 4052 SS„
2426 3995 2481 4042 F
2493 3995 2591 4042 and
2621 3996 2678 4043 G.

592 4083 838 4134 Cramer‘s
878 4083 1063 4131 Calena
1103 4080 1279 4141 [Coisl.
1319 4096 1412 4142 204
1447 4080 1481 4128 f.
1514 4077 1603 4128 186
1641 4080 1744 4141 (Cr.
1915 4092 1994 4138 24.
2061 4084 2107 4126 et
2128 4079 2182 4126 in
2206 4085 2274 4140 ep.
2292 4086 2347 4140 p.
2373 4094 2416 4140 q.
2441 4078 2514 4125 ad
2536 4078 2802 4138 Romanos]
2855 4078 3004 4126 Rom.

593 4168 658 4214 vi.
680 4179 756 4230 39,
785 4165 868 4213 Fr.
895 4161 1026 4225 124)]
1049 4164 1185 4226 gives
1205 4163 1301 4210 this
1319 4170 1570 4210 comment
1595 4163 1646 4209 in
1663 4162 1747 4209 the
1849 4159 1917 4206 iii.
1961 4174 2040 4207 20.
2124 4159 2303 4222 Comp.
2345 4158 2484 4208 Th.’s
2523 4175 2705 4208 comm.
2747 4174 2811 4206 on
2856 4158 3005 4205 Rorn.

594 4251 719 4298 form
737 4247 839 4296 α’ντὶ
863 4248 964 4295 τοῦ·
992 4245 1043 4293 ἐκ
1066 4247 1230 4306 γένους
1253 4247 1334 4291 καὶ
1359 4240 1410 4291 οὐ
1434 4245 1742 4306 προσήλυτοι,
1850 4243 1935 4288 ix..
1969 4254 2046 4304 32,
2097 4255 2175 4303 33,
2222 4242 2525 4300 δικαιωθῆναι
2575 4241 2673 4291 ἀπὸ
2719 4239 2814 4288 τῶν
2857 4245 3009 4301 ἔργων

595 4329 913 4392 introducing
931 4329 967 4376 it
987 4328 1106 4376 with
1131 4326 1394 4375 thewords
1421 4323 1620 4384 σχόλιον
1634 4326 1748 4373 Oeo—
1850 4326 1935 4372 τοῦ
1979 4322 2121 4381 νόμου
2161 4323 2255 4372 τῶν
2291 4322 2555 4384 ἀδυνάτων,
2603 4326 2750 4372 κ.τ.λ.
2794 4321 3007 4386 (Migne,

598 4417 761 4475 δώρου.
832 4414 941 4461 The
970 4411 1246 4460 remainder
1273 4410 1330 4460 of
1354 4411 1439 4459 the
1469 4411 1749 4474 paragraph
1852 4406 1985 4469 844).

598 4496 743 4558 given
768 4495 817 4541 in
844 4494 926 4542 Cr.
956 4493 1054 4541 and
1081 4493 1164 4541 Fr.
1190 4493 1231 4541 is
1255 4501 1341 4541 not
1366 4491 1688 4540 Theodore's.
