3293 5233
338 371 387 436 1.
429 371 635 456 1-6,]

1079 386 1162 437 IN
1212 387 1317 440 ΕΡ.
1362 387 1467 440 AD
1510 387 2033 445 COLOSSENSES.

2626 397 2747 465 255

461 557 721 623 Paulus
747 559 1064 641 apostolus
1088 557 1344 625 Christi
1362 558 1512 624 Iesu
1528 571 1655 644 per
1681 562 2075 627 uoluntatem
2104 564 2249 642 Dei,
2280 576 2345 630 et
2391 567 2758 633 Timotheus

319 666 565 747 frater,
615 661 721 725 leis
765 661 884 744 qui
925 673 1084 726 sunt
1137 660 1521 727 Colossenses
1564 664 1810 728 sanctis
1856 676 1922 729 et
1947 666 2258 750 fidelibus
2290 670 2635 752 fratribus
2684 673 2756 737 in

341 764 597 831 Christo
625 765 773 829 Iesu
792 788 823 840 ,·
857 764 1090 848 gratia
1121 764 1300 829 uobis
1327 776 1391 829 et
1402 776 1545 847 pax
1568 788 1613 830 a
1633 765 1771 829 Deo
1786 779 1981 850 patre
2009 781 2239 834 nostro,

467 899 641 963 hanc
670 910 1059 965 consuetam
1091 900 1417 984 epistolae
1447 901 2037 985 praescriptionem
2072 903 2318 969 faciens
2360 905 2592 989 incipit
2629 905 2758 973 hoc

339 1002 543 1066 modo
566 1022 581 1067 ε

2827 1023 2859 1091 5

454 1155 724 1237 gratias
763 1157 1025 1239 agimus
1066 1157 1204 1221 Deo
1232 1158 1428 1240 patri
1470 1157 1728 1222 domini
1762 1157 1976 1223 nostri
2016 1158 2161 1223 Iesu
2209 1158 2475 1238 Christi,
2517 1174 2762 1246 semper

322 1269 448 1340 pro
477 1260 656 1322 uobis
684 1271 953 1337 orantes,
985 1261 1316 1324 audientes
1341 1261 1551 1344 fidem
1591 1273 1877 1326 uestram
1909 1263 1980 1326 in
2016 1262 2074 1329 C
2067 1264 2274 1328 leri-rto
2308 1264 2457 1330 Iesu
2491 1277 2556 1330 et
2586 1267 2757 1331 cari·

336 1369 533 1422 tatem
563 1381 761 1443 quam
790 1362 1038 1427 habetis
1068 1363 1139 1425 in
1168 1383 1384 1425 omnes
1411 1374 1680 1429 sanctos,

467 1493 564 1555 sic
604 1503 672 1557 et
714 1493 895 1557 illam
939 1495 1296 1577 epistolam
1334 1516 1536 1578 quarn
1586 1497 1673 1559 ad
1722 1497 2069 1562 Romanos
2118 1499 2379 1582 scripsit
2423 1520 2464 1563 a
2510 1500 2755 1582 gratia-

339 1618 484 1662 rum
546 1601 807 1663 actione
855 1599 1193 1663 inchoauit
1244 1600 1528 1664 scribere
1576 1601 1693 1664 eiS.

1807 1600 2014 1666 adicit
2066 1611 2288 1666 autem
2346 1602 2412 1666 in
2465 1602 2592 1667 hac
2630 1616 2867 1686 prelo

338 1702 519 1768 uobis
563 1712 832 1779 oranteS,
885 1703 1244 1766 ostendens
1296 1703 1613 1786 quoniam
1669 1724 1802 1767 non
1864 1725 1985 1787 pro
2044 1707 2287 1790 quibus
2334 1708 2754 1773 crediderunt

338 1817 602 1871 tanturn
633 1808 881 1890 gratias
913 1808 1067 1888 agit,
1101 1807 1220 1871 sed
1259 1817 1328 1871 et
1367 1827 1488 1889 pro
1530 1807 1796 1871 residuo
1841 1818 2142 1892 ternpore
2186 1820 2348 1877 orat.
2436 1833 2607 1896 quae
2652 1821 2754 1878 est

337 1918 561 1972 autern
593 1910 806 1972 oratio
837 1909 1024 1972 eius?

451 2089 717 2162 propter
741 2093 910 2165 spem
941 2103 1103 2165 quae
1131 2081 1404 2164 reposita
1432 2091 1527 2144 est
1553 2081 1734 2146 uobis
1764 2081 1833 2145 in
1861 2081 2065 2146 caelis.

466 2219 595 2281 ‘ita
619 2227 691 2283 ut
714 2221 988 2303 adsequi
1013 2219 1281 2303 possitis
1310 2217 1619 2283 caelestia
1649 2219 1841 2297 bona,
1869 2238 2148 2303 quorum
2174 2221 2542 2285 custoditur
2564 2222 2755 2286 uobis
2792 2243 2859 2310 15
2913 2221 2918 2226 ’

334 2343 486 2404 spes
517 2322 722 2398 firma,
762 2323 816 2386 si
862 2333 1088 2387 tamen
1132 2322 1244 2386 illa
1275 2344 1446 2406 quae
1477 2343 1517 2385 a
1548 2322 1740 2385 uobis
1773 2330 1927 2384 sunt
1958 2324 2460 2388 concurrerunt.'

2550 2334 2618 2389 et
2649 2345 2754 2388 os-

334 2427 614 2490 tendens
645 2429 961 2510 quoniam
995 2448 1128 2491 non
1167 2427 1347 2491 aliud
1391 2427 1551 2509 quid
1598 2427 1761 2490 dicit
1807 2436 2272 2510 praeterquam
2320 2425 2503 2492 illam
2550 2447 2753 2511 quam

332 2541 788 2612 cognouerunt
808 2552 825 2594 ε

461 2718 657 2780 quam
707 2709 857 2762 ante
906 2697 1189 2762 audistis
1236 2699 1307 2761 in
1344 2696 1530 2761 uerbo
1575 2695 1878 2761 ueritatis
1914 2696 2248 2780 euangelii,
2280 2696 2457 2780 quod
2477 2698 2657 2764 uenit
2683 2700 2756 2763 in

335 2798 528 2863 uobis.

431 3004 462 3046 4
495 2992 761 3034 consuetae
783 3001 815 3032 r
839 2982 848 3049 Ι
879 3000 959 3048 ep.
984 3000 1061 3033 om
1084 2985 1147 3033 H

340 3069 397 3118 18
431 3074 741 3131 agnouerunt
763 3068 829 3116 H

400 3257 447 3291 α.
524 3239 620 3304 qui
652 3245 776 3287 sunt
815 3238 1123 3300 Colossenses]
1188 3238 1238 3288 A
1270 3236 1493 3302 singular

333 3323 597 3386 departure
635 3320 764 3369 from
801 3320 886 3369 the
931 3319 1091 3368 literal
1136 3320 1404 3383 rendering
1439 3319 1498 3368 os

334 3402 419 3451 the
450 3402 598 3451 Latin
621 3402 840 3450 versions
866 3401 1021 3465 (“qui
1045 3410 1158 3450 sunt
1183 3401 1405 3451 Colossis
1421 3398 1487 3461 ”).

333 3486 449 3532 Iesu
487 3484 528 3532 is
565 3482 815 3548 probably
853 3483 979 3531 from
1028 3483 1113 3532 the
1158 3482 1321 3542 Latin,
1358 3483 1492 3532 since

341 3567 519 3630 Chrys.
545 3567 700 3615 Thdt.
720 3566 827 3626 &c.,
856 3566 979 3615 omit
1005 3564 1183 3625 Ἰησοῦ.

400 3666 448 3709 4.
534 3654 807 3695 consuetam
857 3646 1316 3710 praeumptionem]
1395 3661 1484 3705 sc.,

335 3731 474 3790 χάρις
495 3726 602 3787 ὑμῖν
628 3731 705 3776 καὶ
730 3730 909 3791 εἰρήνης
947 3728 1008 3778 cs.
1038 3745 1089 3793 p.
1117 3730 1223 3788 118,
1252 3728 1288 3777 l.
1312 3743 1368 3793 19
1384 3744 1457 3792 sq.
1467 3765 1481 3789 ,

336 3810 435 3859 and
458 3811 640 3867 below,
664 3826 730 3859 on
760 3828 779 3860 1
807 3812 984 3860 Thess.
1008 3812 1041 3858 i.
1074 3827 1115 3859 1.

398 3891 444 3942 6.
518 3893 623 3941 Dco
645 3892 816 3954 Pam]
872 3892 941 3953 τῷ
972 3890 1065 3953 θεῷ
1086 3890 1156 3954 τῷ
1178 3892 1340 3954 πατρί.
1414 3892 1485 3943 So

336 3974 514 4038 Chrys.
538 3976 609 4022 ad
625 3976 674 4023 lt.
702 3976 738 4024 l.

399 4074 445 4123 9.
517 4058 588 4105 st'c
608 4064 653 4106 et
675 4059 817 4107 illam
840 4064 907 4120 cp.
929 4073 1081 4122 quam
1099 4058 1171 4106 ad
1186 4061 1348 4118 Rom„
1371 4057 1486 4118 δια]

335 4138 411 4187 Cf.
436 4139 580 4187 Rom.
607 4138 639 4186 i.
661 4141 724 4198 8.,
748 4138 849 4187 and
872 4154 954 4188 see
977 4155 1065 4202 pp.
1090 4154 1197 4197 120,
1222 4141 1257 4190 l.
1276 4159 1323 4201 4,
1346 4146 1481 4200 note,

338 4236 447 4280 201,
477 4222 511 4269 l.
540 4233 586 4282 7.

404 4319 477 4353 12.
520 4313 618 4368 pro
642 4303 831 4352 residuo
853 4310 1062 4367 tempore
1079 4303 1210 4364 orat]
1278 4303 1485 4367 Chrys:

334 4388 388 4433 οὐ
411 4387 489 4434 διὰ
509 4388 595 4445 τῆς
619 4386 925 4447 εὐχαριστίας
955 4385 1119 4444 μόνον,
1143 4386 1278 4435 ἀλλὰ
1308 4388 1386 4434 καὶ
1412 4388 1490 4435 διὰ

332 4464 418 4527 τῆς
441 4469 675 4527 διηνεκοῦς
697 4469 842 4528 εὐχῆς
862 4466 952 4527 τὴν
975 4465 1174 4528 ἀγάπην
1195 4469 1438 4518 δείκνυσιν.

1405 2999 1436 3048 9
1472 2983 1521 3031 in
1545 2982 1633 3031 illa
1664 2981 1877 3045 epistola
1904 2982 1948 3031 C
1968 2981 2113 3043 (corr)

1044 3081 1102 3131 19
1135 3065 1218 3131 qui
1248 3065 1361 3129 (for
1379 3064 1534 3129 quod)
1565 3065 1608 3113 C
1627 3064 1691 3112 Η

2781 2828 2866 2876 20

2380 2998 2432 3033 11
2471 2997 2572 3032 non
2594 2984 2762 3034 omH

1667 3265 1742 3299 η.
1786 3265 1914 3313 quae
1946 3257 2016 3299 est
2051 3257 2216 3297 autem
2251 3249 2423 3309 orati0,
2466 3250 2581 3312 δια]
2647 3251 2744 3301 Th.

1591 3338 1827 3379 connects
1866 3332 1943 3380 διὸ,
1977 3332 2069 3389 τήν
2108 3332 2285 3379 ἐλπίδα
2320 3330 2443 3380 with
2483 3334 2749 3395 προσευχό-

1592 3431 1739 3472 μενοι.
1803 3412 1884 3463 Cs-
1905 3413 2183 3462 Lanfranc:
2216 3417 2245 3440 “
2265 3414 2388 3462 ordo
2411 3421 2519 3463 est:
2553 3426 2750 3466 orantes

1594 3511 1688 3559 pro
1720 3494 1864 3544 nobis
1896 3505 2097 3560 propter
2128 3511 2283 3559 spem,
2323 3497 2445 3557 δίας
2485 3496 2539 3545 id
2569 3505 2658 3558 est,
2695 3506 2750 3547 ut

1594 3575 1792 3639 assequi
1817 3576 2016 3638 possitis
2039 3592 2082 3624 c.
2111 3575 2195 3623 b.”
2477 3576 2480 3579 ’

1662 3655 1737 3705 16.
1802 3657 1852 3704 si
1888 3663 2069 3715 tamen,
2115 3657 2230 3718 δια]
2297 3658 2347 3706 A
2382 3658 2750 3710 characteristic

1589 3736 1870 3801 saseguard.
1941 3739 2020 3788 Cf.
2047 3755 2097 3802 p.
2124 3755 2202 3806 91,
2232 3739 2266 3788 l.
2294 3756 2340 3802 3,
2365 3750 2500 3791 note.

1661 3834 1736 3883 ¹9·
1792 3835 1946 3882 quam
2001 3827 2117 3868 ante
2169 3820 2410 3881 audistis]
2479 3821 2550 3870 So
2589 3822 2748 3886 Aug„

1590 3900 1839 3950 Ambrstr.
1913 3902 2024 3951 Τὴε
2055 3902 2207 3965 Vulg.
2241 3903 2382 3951 takes
2405 3919 2471 3951 no
2502 3905 2667 3954 notice
2697 3907 2756 3954 of

1588 3982 1700 4042 πρό.
1774 3984 1879 4043 Qui
1899 3982 2000 4045 (vv.
2027 3984 2101 4044 ll.)
2135 3984 2176 4032 is
2210 3983 2455 4048 probably
2485 3986 2750 4036 a.scribe’s

1588 4078 1725 4111 error
1737 4077 1753 4121 3
1793 4078 1851 4111 or
1879 4065 1954 4123 (as
1981 4064 2160 4128 Jacobi
2192 4081 2350 4113 seems
2380 4072 2434 4113 to
2466 4066 2631 4127 think)
2664 4068 2749 4117 the

1589 4145 1857 4194 translator
1902 4145 1992 4194 has
2037 4146 2437 4195 misunderstood
2484 4148 2570 4198 the
2616 4151 2749 4200 Gk.:

1590 4227 1640 4274 ἐν
1683 4227 1757 4287 τῷ
1801 4228 2090 4289 λόγῳ..,τοῦ
2133 4229 2308 4288 chevry.
2355 4230 2443 4276 τοῦ
2480 4246 2596 4289 παρ.
2677 4231 2747 4280 In

1591 4308 1741 4367 uobis,
1771 4310 1837 4357 εἰς
1859 4307 2002 4367 niueis:
2038 4308 2138 4371 just
2169 4309 2332 4358 below
2356 4309 2440 4358 the
2471 4326 2608 4360 same
2638 4328 2749 4361 ren·

1589 4391 1769 4455 dering
1799 4407 1966 4441 serves
1998 4391 2074 4440 sor
2107 4393 2159 4441 ἐν
2191 4389 2298 4451 ὑμῖν
2335 4395 2402 4457 (p.
2436 4392 2545 4455 256.
2585 4394 2620 4443 1.
2649 4394 2747 4455 16).

1592 4473 1689 4523 See
1711 4488 1780 4523 on
1807 4474 1919 4523 Col.
1945 4473 1979 4523 i.
2006 4490 2085 4524 πο.
