3293 5233
453 1639 530 1687 10

458 2165 529 2231 15

546 374 684 451 248

1206 381 1663 460 Tussonokus
1709 379 2298 436 MOPSUESTENUS

2583 370 2738 455 [IV.
2771 372 2971 453 6—9.

670 559 788 624 sed
811 558 884 623 in
912 557 1092 622 omni
1117 557 1404 622 oratione
1430 566 1494 621 et
1508 555 1942 639 postulatione
1968 577 2112 622 cnm
2131 551 2519 641 gratiarum
2548 558 2792 623 actione
2815 569 2970 642 pos·

542 660 884 727 tulation'es
910 670 1161 725 uestrae
1189 660 1585 725 innotescant
1608 658 1707 722 ad
1727 658 1962 762 Deum.

673 792 688 821 ‘
708 794 972 851 tantum
1017 803 1139 847 uos
1178 803 1298 866 per
1337 781 1565 845 omnia
1603 781 1855 865 gratias
1890 782 2071 864 agite
2104 781 2272 858 De0,
2305 782 2724 865 postulantes
2766 782 2854 847 ab
2885 803 2972 846 eo

543 890 853 955 tristitiae
884 887 1285 953 solutionem
1317 905 1489 968 quae
1521 895 1623 949 est
1653 883 1849 949 huius
1881 886 1972 950 rei
2006 885 2293 952 merces.’

673 1048 737 1103 et
754 1049 896 1121 pax
918 1035 1053 1101 Dei
1078 1056 1239 1119 quae
1265 1035 1689 1116 supereminet
1712 1056 1960 1100 omnem
1993 1037 2377 1102 intellectum
2414 1039 2735 1105 custodiat
2772 1038 2973 1104 corda

546 1141 764 1208 uestra
791 1150 855 1205 et
877 1135 1099 1205 sensus
1127 1150 1369 1203 uestros
1403 1139 1474 1203 in
1509 1137 1767 1206 Christo
1796 1138 1961 1204 Iesu.

676 1261 806 1324 hoc
834 1269 953 1336 est,
978 1259 1157 1342 ‘ipse
1187 1257 1379 1321 uobis
1411 1267 1706 1341 praestet
1736 1257 2100 1341 perfectam
2132 1281 2369 1344 pacem
2400 1263 2515 1346 qui
2547 1263 2636 1328 ab
2658 1263 2971 1328 omnibus

551 1361 700 1446 plus
733 1358 992 1445 potest.'
1053 1381 1208 1425 nam
1241 1380 1477 1443 pacem
1512 1360 1640 1425 Dei
1672 1362 2165 1444 supereminere
2196 1363 2373 1428 dixit
2410 1364 2652 1442 omnia,
2686 1374 2760 1430 ut
2790 1366 2973 1430 dicat

554 1473 569 1496 ‘
593 1464 851 1531 Deum?

684 1602 762 1667 de
810 1613 1020 1679 cetero,
1063 1603 1347 1685 fratres,
1395 1620 1796 1683 quaecunque
1843 1609 2000 1664 sunt
2048 1622 2223 1678 uera,
2272 1623 2672 1686 quaecunque
2714 1600 2979 1685 pudica,

555 1727 953 1789 quaecunque
1002 1706 1193 1780 iusta,
1244 1723 1642 1786 quaecunque
1691 1713 1884 1779 casta,
1923 1724 2324 1788 quaecunque
2366 1707 2738 1783 dilectionis,
2784 1727 2977 1790 quae-

555 1830 794 1892 cunque
823 1809 1014 1873 bonae
1041 1807 1371 1889 opinionis,
1399 1807 1465 1871 si
1504 1828 1633 1889 qua
1674 1808 1907 1883 uirtus,
1939 1818 2002 1871 et
2032 1809 2252 1891 siqua
2281 1811 2442 1886 laus,
2485 1812 2636 1876 lzaec
2660 1812 2931 1896 cogitate
2945 1835 2977 1887 ,-

556 1932 719 1993 quae
754 1921 818 1975 et
857 1909 1180 1974 didicistis
1223 1920 1287 1973 et
1328 1907 1665 1990 accepistis,
1711 1918 1776 1972 et
1817 1910 2100 1974 audistis
2139 1921 2202 1975 et
2240 1911 2507 1976 uidistis
2552 1913 2623 1978 in
2664 1933 2778 1989 me,
2828 1912 2984 1976 leaec

557 2017 749 2098 agite,
777 2024 840 2078 et
866 2014 1048 2077 Deus
1062 2014 1249 2096 pacis
1275 2013 1405 2078 erit
1433 2012 1768 2077 uobiscum.

694 2134 1007 2199 ‘ueritatis
1062 2132 1324 2215 (inquit)
1381 2131 1796 2214 diligentiam
1850 2131 2182 2210 adhibete,
2239 2133 2617 2217 pudicitiae,
2668 2135 2979 2212 iustitiae,

562 2237 935 2315 castitatis3’
993 2246 1065 2299 ut
1098 2237 1306 2299 dicat:
1341 2236 1699 2298 ‘abstinete
1724 2258 1844 2299 uos
1869 2257 1908 2299 a
1931 2239 2156 2320 prauis
2176 2240 2462 2322 negotiis
2483 2240 2702 2320 (sicuti
2726 2251 2794 2305 et
2819 2241 2979 2306 alibi

562 2342 777 2404 dixit:
838 2341 908 2403 in
943 2338 1239 2402 omnibus
1294 2358 1408 2400 nos
1464 2338 1915 2419 comprobastis
1962 2350 2209 2403 castos
2257 2362 2385 2405 esse
2435 2342 2507 2405 in
2560 2341 2849 2424 negotio),
2906 2353 2981 2409 ut

563 2442 847 2525 ageretis
880 2440 990 2503 illa
1016 2461 1187 2521 quae
1218 2437 1529 2503 omnibus
1560 2439 1869 2521 placent3’
1901 2440 2027 2504 hoc
2059 2450 2178 2518 est,
2203 2441 2314 2506 illa
2344 2463 2519 2525 quae
2549 2444 2636 2508 ab
2667 2444 2983 2509 omnibus

563 2552 1054 2628 cognoscuntur
1084 2563 1228 2606 esse
1259 2541 1454 2605 bona.

632 2808 679 2855 3,
703 2811 734 2853 4
767 2798 1216 2840 tantum—merces
1237 2806 1314 2838 om
1339 2806 1370 2837 r

638 2946 679 2982 ι.
722 2931 1106 2995 postulatione...
1103 2930 1477 2994 postulationes]
1521 2926 1584 2989 τῇ
1617 2930 1722 2988 δεή·

569 3015 770 3064 σει...τὰ
791 3014 1053 3072 αἰτήματα.
1108 3012 1239 3060 Both
1263 3012 1328 3061 O.
1354 3011 1412 3060 L.
1440 3011 1540 3060 and
1564 3011 1716 3074 Vulg.

566 3095 694 3144 have
732 3094 996 3157 employed
1036 3093 1237 3142 distinct
1276 3107 1437 3141 nouns
1455 3109 1471 3151 ς
1521 3107 1577 3140 so
1615 3092 1723 3140 that

568 3193 659 3226 our
680 3177 943 3226 translator
966 3175 1043 3224 sor
1063 3190 1188 3224 once
1214 3183 1395 3225 cannot
1429 3189 1604 3237 escape
1638 3173 1722 3222 the

568 3259 751 3321 charge
795 3256 853 3305 os
890 3258 1229 3306 carelessness.
1310 3255 1410 3304 For
1452 3255 1524 3302 ad
1565 3254 1722 3317 (πρός)

570 3341 751 3395 Deum,
775 3337 859 3387 the
885 3338 1033 3385 Latin
1056 3338 1275 3385 versions
1299 3336 1425 3384 have
1446 3335 1586 3399 apud
1602 3336 1674 3384 D.

638 3435 682 3483 5.
763 3419 1100 3484 supereminet]
1185 3419 1264 3467 Cf.
1308 3435 1357 3482 p.
1405 3434 1515 3480 235,
1559 3419 1593 3467 l.
1646 3432 1720 3479 17.

576 3505 674 3552 For
709 3504 1254 3562 intellectum..sensus,
1305 3502 1389 3550 the
1436 3502 1584 3564 Vulg.
1636 3501 1726 3549 has

571 3583 1191 3645 sensum..‚intellege-ulios.
1265 3583 1377 3632 The
1407 3599 1540 3632 error
1572 3591 1724 3633 custo-

572 3665 680 3713 diat
710 3680 826 3713 runs
865 3665 1080 3728 through
1119 3664 1289 3728 nearly
1333 3663 1401 3713 all
1447 3664 1531 3714 the
1578 3664 1727 3713 Latin

573 3747 877 3806 authoritieS,
906 3747 1006 3794 and
1028 3747 1278 3811 strangely
1295 3746 1490 3810 enough
1515 3745 1642 3794 finds
1666 3761 1730 3793 an

575 3835 814 3892 apparent
838 3837 1044 3892 support
1068 3829 1117 3876 in
1142 3828 1225 3877 the
1251 3838 1528 3877 comments
1561 3827 1618 3876 of
1645 3828 1730 3876 the

578 3913 678 3962 Gk.
706 3913 1015 3976 expositors;
1059 3912 1120 3961 cf.
1162 3913 1336 3976 Chrys,
1379 3912 1630 3975 (followed
1665 3913 1732 3974 by

577 3996 816 4060 Thpht.):
853 3994 1022 4044 ὡσανεὶ
1049 3998 1232 4055 ἔλεγεν·
1270 3994 1296 4043 ὀ
1327 3995 1580 4057 ῥυσάμενος
1613 3993 1732 4052 ὑμᾶς

580 4077 932 4128 οὕτως...αυ’τὸς
955 4077 1289 4137 διαφυλάξειεν
1323 4079 1401 4125 καὶ
1438 4075 1730 4137 αἶσφαλίσαι-

580 4179 650 4210 το.
717 4161 894 4210 Thdt.:
934 4156 1025 4220 τὴν
1060 4161 1244 4219 εἰρήνην
1283 4157 1540 4218 ἐπηύξατο.
1612 4158 1733 4208 And

580 4261 636 4294 so
658 4243 754 4292 Th.
770 4262 781 4292 ε
813 4245 847 4268 ‘⁸
863 4239 1300 4307 ipse...praestet.’'

649 4340 692 4389 7.
763 4326 823 4373 ab
838 4325 1061 4373 omnibus
1072 4322 1375 4388 pluspotest]
1411 4321 1489 4371 Cf.
1515 4321 1736 4377 Ronsch‚

582 4410 733 4466 Itala,
761 4424 842 4472 pp.
876 4423 986 4470 452,
1016 4422 1129 4469 453.

656 4505 727 4537 11.
775 4504 1087 4553 quaecunque
1107 4484 1263 4550 casta]
1312 4488 1402 4536 ὅσα
1428 4481 1569 4547 ἁγνά.
1625 4485 1737 4535 The

1547 2550 1732 2606 ‘nam
1780 2552 1846 2605 et
1889 2543 2069 2626 apud
2113 2564 2346 2607 omnes
2377 2544 2608 2608 similis
2639 2553 2741 2607 est
2773 2544 2985 2609 bono-

454 2680 540 2728 20
567 2667 708 2709 rum
771 2645 1114 2719 confessi0,
1177 2666 1265 2709 ex
1327 2644 1566 2727 quibus
1621 2647 1932 2728 operibus
1981 2646 2159 2710 bona
2213 2667 2333 2710 uos
2386 2648 2615 2730 opinio
2665 2647 2984 2730 subsequi
3047 2684 3054 2687 ι

1526 2788 1582 2839 16
1617 2789 1793 2853 ibisor
1810 2790 1930 2838 alibi
1961 2790 2005 2839 C
2016 2790 2083 2839 H

2240 2790 2299 2839 18
2332 2793 2575 2854 cogeretis
2599 2790 2713 2855 (sor
2730 2791 2836 2854 ag.)
2861 2791 2930 2839 H

1823 2930 1971 2978 Latin
1995 2930 2218 2980 versions
2239 2929 2337 2979 less
2359 2929 2554 2993 exactly
2578 2930 2756 2979 render
2783 2931 2988 2994 “quae-

1822 3027 2035 3075 cumque
2078 3010 2303 3061 sancta.”
2377 3012 2480 3061 For
2513 3011 2780 3060 dilectionis
2818 3011 2987 3075 (προσ-

1824 3094 1966 3152 φιλῆ)
2002 3093 2119 3156 they
2153 3094 2279 3142 have
2309 3093 2567 3141 carissima
2604 3091 2692 3154 (Ο.
2718 3093 2823 3154 L.)‚
2846 3109 2988 3142 ama-

1824 3174 1945 3221 bilia
1971 3172 2186 3237 (Vulg.).
2257 3173 2393 3222 Most
2421 3171 2480 3221 of
2507 3172 2591 3221 the
2626 3172 2776 3222 Latin
2811 3173 2989 3222 autho-

1824 3255 1960 3304 rities
2004 3255 2104 3304 add
2153 3255 2441 3318 disciplinae
2496 3255 2805 3315 (ἐπιστήμης)
2860 3253 2991 3304 aster

1825 3339 1952 3387 laus.

1898 3417 1971 3468 16.
2019 3417 2169 3466 sicun'
2202 3424 2248 3466 et
2284 3416 2407 3466 alibi
2440 3416 2595 3478 delcit]
2668 3416 2766 3467 See
2805 3433 2886 3466 vv,
2928 3416 2986 3468 ll.

1827 3502 1938 3549 The
1964 3500 2067 3549 first
2088 3499 2299 3564 syllable
2322 3499 2379 3548 of
2394 3500 2518 3547 alibi
2536 3515 2750 3563 appears
2773 3507 2827 3549 to
2859 3499 2991 3550 have

1827 3584 1953 3632 been
1977 3583 2182 3646 merged
2206 3581 2256 3630 in
2279 3580 2365 3630 the
2389 3581 2660 3645 preceding
2680 3588 2740 3630 ct.

1899 3682 1917 3713 1
1930 3679 1973 3725 7.
2045 3665 2101 3713 in
2156 3662 2380 3712 omnibus
2435 3679 2522 3712 uos
2573 3670 2755 3728 compr.
2815 3663 2993 3725 castos]

1829 3763 1855 3795 α
1898 3747 2015 3795 Cor.
2057 3746 2141 3796 vii.
2192 3761 2268 3803 ιι,
2315 3745 2480 3794 where
2526 3745 2673 3807 ἁγνός
2715 3745 2862 3794 bears
2906 3746 2995 3796 the

1829 3844 1965 3875 same
1988 3842 2144 3887 sense,
2180 3830 2193 3852 ‘
2209 3826 2309 3875 free
2334 3826 2460 3874 from
2483 3824 2838 3890 complicityin
2861 3827 2940 3876 sin
2954 3828 2996 3887 ς’

1830 3910 1892 3958 cs.
1934 3909 2088 3958 Thdt.
2127 3909 2199 3957 ad
2222 3909 2331 3957 loc.:
2375 3909 2584 3966 ἐδείξατε
2618 3906 2790 3968 σαφιῖἱς
2825 3909 2901 3956 ὅτι
2942 3906 2997 3957 ου’

1834 3993 2103 4052 συνήσθητε
2136 3993 2234 4042 τοῖς
2271 3989 2426 4040 κακῶς
2460 3988 2536 4039 ὑπ’
2570 3993 2759 4039 ἐκείνων
2790 4008 2999 4053 ’γε-γενη-

1831 4074 2005 4130 μένοις·
2039 4072 2204 4120 τοῦτο
2236 4073 2350 4133 γὰρ
2383 4072 2550 4133 λέγει
2583 4072 2796 4134 ἁγνοὺς
2829 4073 2999 4121 εἶναι.

1837 4157 1937 4204 For
1957 4157 2293 4219 comprobastis
2326 4156 2411 4205 the
2445 4155 2593 4205 Latin
2627 4155 2851 4205 versione
2881 4156 3000 4220 give

1833 4238 2120 4285 exhibuistis
2135 4252 2158 4295 ‚·
2191 4237 2267 4286 sor
2293 4245 2446 4287 castos
2480 4237 2564 4286 the
2599 4237 2752 4300 Vulg.
2791 4237 2885 4287 has
2915 4236 2999 4286 in-

1836 4322 2207 4371 contaminatos.

1910 4416 1982 4467 19.
2045 4402 2222 4450 similis
2243 4409 2309 4449 cst
2330 4400 2566 4450 bonorum
2590 4399 2841 4464 confessio]
2885 4400 3002 4451 The

1840 4484 1995 4533 moral
2042 4484 2177 4533 crced
2216 4484 2274 4533 os
2318 4484 2386 4533 all
2431 4499 2561 4545 men,
2624 4482 2841 4534 heathen
2897 4486 3001 4535 and
