3293 5233
386 403 481 468 11.
523 417 617 484 ις,
656 404 774 488 16.]
1203 416 1284 466 m
1333 417 1436 467 ΕΡ.
1483 416 1584 466 AD
1630 416 1988 468 GALATAs.
2715 421 2799 485 29

384 589 720 652 discamus
774 587 978 652 etiam
1030 587 1635 669 odirepeccaturn,
1689 606 1822 648 non
1878 585 2216 649 modicum
2265 586 2498 651 auxilii
2535 587 2621 652 ad
2669 586 2798 652 hoc

384 689 498 754 lex
550 690 847 754 conferre
901 690 1092 755 nobis
1141 690 1420 754 uidetur.
1509 699 1577 753 et
1619 691 1892 772 quidem
1936 690 2022 752 ad
2073 693 2620 757 exercitationem
2669 694 2798 757 uir·

384 801 602 856 tutum
646 793 771 857 fert
813 793 1004 856 nobis
1046 793 1371 856 auxilium
1419 792 1953 858 desiderantibus
1984 793 2100 857 illa
2135 794 2367 872 facere,
2402 817 2575 880 quae
2620 797 2799 862 bona

385 896 471 959 de
532 896 698 979 legis
759 896 1063 960 doctrina
1124 918 1269 960 esse
1330 897 1816 960 existimamus,
1907 897 1975 959 in
2036 895 2257 962 futuro
2319 920 2477 964 uero
2530 901 2798 965 saeculo

385 1001 748 1086 perfectam
793 1002 1076 1065 multam
1114 1000 1655 1065 iustificationem
1688 1020 1806 1083 per
1846 1000 2130 1083 gratiam
2166 1001 2294 1064 Dei
2339 1004 2797 1087 percipiemus,
2871 1012 2901 1078 5

385 1103 498 1168 illa
528 1113 630 1168 est
661 1124 864 1186 quam
897 1104 963 1167 in
996 1105 1328 1187 praesenti
1361 1105 1499 1168 uita
1531 1125 1572 1167 a
1612 1104 1892 1167 diuersis
1934 1103 2286 1168 didicimus
2327 1108 2795 1173 exercitation-

385 1208 547 1281 ibus,
578 1206 980 1271 adhortante
1012 1226 1131 1269 nos
1162 1204 1250 1269 ad
1283 1206 1411 1268 hoc
1434 1205 1736 1288 legitimo
1768 1206 2036 1269 decreto
2068 1227 2242 1288 quae
2273 1216 2341 1270 et
2371 1210 2796 1286 conueniunt,

387 1309 595 1384 nobiS,
656 1310 828 1373 sicut
889 1309 1199 1386 diximuS,
1251 1308 1317 1371 in
1379 1309 1781 1371 contrarium
1843 1310 2214 1392 perspicere
2274 1312 2670 1388 uolentibu5‚
2724 1323 2797 1378 ut

387 1410 618 1474 maiori
679 1410 1030 1493 disciplina
1098 1410 1415 1473 bonitatis
1474 1411 2081 1492 concupiscentiam
2149 1432 2238 1475 ex
2295 1413 2798 1494 comparatione

384 1512 502 1577 tali
535 1514 866 1596 suscipere
898 1512 1244 1595 possimus
1335 1512 1500 1575 haec
1548 1521 1711 1574 tunc
1742 1512 1808 1574 in
1856 1512 2049 1575 nobis
2085 1534 2283 1595 opere
2329 1512 2795 1596 implebuntur,
2831 1530 2910 1578 10

384 1616 600 1698 gratia
651 1616 863 1679 sancti
903 1617 1190 1699 Spiritus
1234 1613 1735 1677 inuertibilitate
1783 1633 1902 1695 per
1943 1614 2168 1677 omnia
2208 1616 2628 1678 custodiente
2672 1635 2795 1679 nos

385 1718 453 1780 in
498 1717 690 1781 bonis
736 1718 880 1794 illis,
913 1737 1194 1800 quorum
1242 1716 1643 1780 desiderium
1691 1735 1841 1777 cum
1885 1722 1953 1777 et
2001 1715 2158 1778 odio
2200 1716 2456 1798 peccati
2500 1716 2566 1777 in
2607 1736 2797 1797 prae·

384 1819 558 1884 senti
607 1822 746 1885 uita
788 1822 1200 1904 suscipimuS,
1246 1841 1327 1884 eo
1373 1819 1555 1902 quod
1588 1828 1656 1882 et
1701 1819 1830 1881 hoc
1870 1820 2174 1901 primitus
2207 1820 2400 1884 nobis
2431 1824 2798 1886 necessarie

385 1922 621 1986 adesse
653 1925 1109 1988 conueniebat.
1177 1924 1320 1986 siue
1352 1921 1527 1984 enim
1573 1920 1736 1984 illud
1779 1921 2145 1983 secundum
2189 1942 2260 1984 se
2302 1932 2444 1986 erat
2476 1924 2794 1999 existenS,

386 2025 976 2090 inrationabilitate
1022 2025 1314 2108 quadam
1367 2024 1765 2087 uidebamur
1817 2023 2032 2105 magis
2080 2024 2146 2086 in
2192 2024 2385 2088 bonis
2438 2027 2902 2109 mansisse315

384 2127 528 2190 siue
559 2128 684 2191 hoc
715 2128 986 2210 quidem
1021 2128 1243 2207 fiebat,
1278 2127 1459 2210 quod
1498 2127 1866 2189 secundum
1910 2136 2329 2208 praesentem
2371 2126 2544 2191 hanc
2586 2129 2796 2191 uitam

385 2231 528 2295 fieri
560 2232 626 2294 in
670 2233 861 2295 nobis
904 2232 1297 2296 exercitatio
1340 2230 1662 2294 bonitatis
1708 2238 1849 2292 erat
1893 2228 2126 2291 futura.
2222 2230 2398 2293 unde
2434 2230 2605 2294 bene
2644 2252 2798 2295 cum

387 2336 528 2398 uita
586 2335 713 2398 ista
774 2335 1078 2398 diuidens
1139 2334 1423 2407 saecula,
1480 2333 1608 2396 hoc
1668 2334 1939 2415 quidem
2000 2333 2336 2397 saeculum
2401 2334 2590 2398 nobis
2644 2334 2799 2399 fecit

385 2448 639 2521 aptum,
689 2447 762 2500 ut
817 2448 883 2502 et
916 2440 1262 2501 exercitari
1313 2440 1378 2500 in
1434 2459 1533 2514 ρο,
1589 2448 1654 2500 et
1705 2459 1857 2500 cum
1919 2438 2341 2501 conuenienti
2402 2438 2799 2505 discretione

386 2542 637 2604 discere
690 2542 868 2624 quod
931 2542 1184 2606 bonum
1251 2551 1351 2604 est
1405 2541 1782 2624 possimus;
1852 2548 1920 2602 et
1979 2540 2205 2603 animo
2259 2540 2451 2604 firmo
2500 2543 2798 2625 accipere
2826 2563 2912 2610 20

386 2645 648 2707 uirtutis
701 2644 1102 2707 desiderium
1149 2655 1216 2708 et
1263 2644 1518 2726 peccati
1570 2644 1818 2706 odium.
1909 2642 2202 2705 futurum
2252 2664 2410 2705 uero
2458 2645 2796 2708 saeculum

391 2747 495 2809 uel
543 2747 681 2809 uita
728 2768 902 2829 quae
947 2756 1102 2828 post
1147 2746 1384 2810 horum
1421 2744 1677 2829 [finem]
1725 2754 1842 2817 est,
1876 2744 2224 2825 praebebit
2272 2746 2462 2809 nobis
2508 2755 2576 2808 et
2616 2747 2798 2828 quod

389 2849 520 2931 ipsi
552 2851 744 2914 nobis
776 2851 1126 2933 adquirere
1173 2850 1448 2912 minime
1480 2847 1989 2921 sufficiebamuS‚
2036 2868 2116 2910 eo
2163 2847 2342 2928 quod
2378 2847 2559 2910 nullo
2601 2849 2803 2912 modo

483 3048 511 3082 α
536 3035 739 3098 quidam
769 3035 813 3083 C
819 3034 847 3059 ⁴*
1015 3047 1043 3095 5
1080 3032 1297 3097 perfecta
1319 3032 1476 3080 multa
1505 3030 1581 3079 C*
1651 3028 1866 3093 perfecte
1900 3027 2108 3075 multam
2148 3027 2191 3075 C
2223 3025 2368 3090 (corr)
2398 3025 2405 3089 Ι
2437 3028 2735 3090 percipimus
2763 3027 2807 3075 C

384 3117 416 3167 6
451 3133 578 3182 quae
616 3116 694 3166 C*
717 3118 786 3166 H
987 3128 1013 3177 7
1053 3116 1116 3163 de
1151 3115 1247 3178 leg.
1284 3114 1419 3162 decr.
1461 3114 1523 3160 ll
1528 3111 1554 3135 ⁵
1754 3123 1785 3172 9
1821 3108 2089 3157 maioribus
2134 3109 2176 3156 C
2182 3108 2210 3133 ⁴*
2427 3119 2482 3168 17
2528 3109 2672 3157 uobis
2712 3110 2801 3158 H*

392 3200 449 3247 18
482 3199 615 3247 hunc
653 3199 696 3247 C
715 3199 781 3247 H
800 3196 807 3260 Ι
838 3197 1042 3262 quidam
1064 3197 1130 3245 H
1321 3209 1381 3242 22
1419 3193 1568 3242 finem
1602 3207 1680 3239 om
1711 3191 1752 3238 C
1760 3189 1785 3212 ⁴*
1806 3189 1872 3236 II

457 3378 498 3413 1.
569 3362 721 3424 odere]
778 3362 1000 3416 Ranch.
1025 3361 1172 3418 Itala,
1204 3376 1253 3424 p.
1285 3360 1396 3407 282.

459 3463 533 3510 ¹4·
599 3447 703 3494 siue
742 3446 872 3493 enim
919 3444 1053 3492 illud
1062 3443 1229 3492 ...siue
1270 3441 1374 3501 hoc]
1431 3438 1542 3488 The

386 3543 528 3576 sense
563 3543 654 3575 can
689 3527 809 3589 only
839 3526 901 3574 be
933 3522 1250 3587 conjectured
1283 3521 1409 3570 from
1445 3520 1543 3568 this

386 3608 666 3672 rendering.
737 3613 749 3635 ⁸
771 3607 825 3655 Is
851 3624 926 3656 we
955 3607 1055 3654 had
1086 3606 1214 3654 been
1238 3602 1543 3666 impeccable

385 3692 452 3754 by
479 3701 670 3750 nature,
705 3706 795 3738 our
829 3703 1182 3753 perseverance
1215 3685 1380 3733 would
1415 3684 1541 3732 have

385 3776 514 3823 been
544 3774 642 3822 due
673 3781 724 3822 to
754 3788 818 3820 an
849 3771 1181 3833 unreasoning
1203 3768 1543 3831 compliance;

385 3871 440 3902 as
463 3855 500 3902 it
526 3855 580 3913 is,
611 3853 695 3903 the
724 3853 858 3915 good
890 3852 1063 3901 within
1096 3867 1155 3898 us
1185 3851 1226 3898 is
1256 3849 1315 3898 of
1337 3848 1542 3913 gradual

386 3935 596 3998 growth,
616 3934 717 3983 and
732 3933 828 3983 this
848 3934 930 3982 life
949 3934 988 3982 is
1007 3948 1097 3981 our
1115 3929 1542 3995 practice-ground

386 4016 462 4063 for
497 4015 581 4064 the
616 4015 772 4064 world
807 4023 860 4063 to
892 4011 1072 4063 come.’
1147 4012 1247 4060 For
1279 4010 1549 4059 sim-...siue

393 4098 642 4162 ...quidem
684 4114 757 4145 we
793 4113 924 4145 seem
961 4105 1012 4145 to
1048 4094 1238 4157 require
1272 4092 1426 4140 si...si
1454 4108 1543 4139 au·

385 4188 515 4238 tem5
565 4180 667 4229 and
704 4179 828 4228 aster
850 4179 984 4242 fiem',
1024 4176 1310 4226 conuem'aes
1341 4180 1447 4223 crat
1488 4188 1545 4222 or

386 4260 635 4322 oportebat.

461 4355 534 4402 15·
602 4337 1060 4398 inrationabilitale]
1132 4335 1351 4393 Ronsch,
1390 4334 1539 4393 ΙΙαΙα,

430 4456 441 4467 .
470 4436 577 4471 222.

390 4439 422 4486 p
464 4517 536 4564 17.
592 4519 704 4551 cum
732 4502 838 4549 uita
873 4501 967 4547 ista
1001 4502 1046 4549 d.
1089 4498 1229 4558 saca]
1286 4496 1396 4544 The
1431 4512 1545 4544 con·

1646 3360 1748 3403 text
1773 3369 1932 3402 seems
1966 3361 2019 3400 to
2053 3351 2246 3416 require
2281 3348 2554 3414 ιἌςα-ἅμα
2588 3350 2713 3411 αὐτῇ
2743 3352 2808 3412 τῇ

1649 3437 1761 3502 ζωῇ.
1789 3437 1940 3485 κ.τ.λ.
2008 3436 2136 3483 Two
2158 3451 2299 3483 aeons
2321 3434 2622 3498 correspond
2646 3442 2698 3483 to
2723 3435 2805 3483 the

1650 3528 1750 3568 two
1774 3529 1909 3582 parts
1934 3517 1991 3567 of
2008 3519 2195 3567 human
2218 3518 2318 3574 life,
2358 3518 2439 3566 the
2475 3525 2671 3581 present
2705 3517 2805 3566 and

1651 3601 1736 3649 the
1760 3599 1932 3649 future.
1993 3599 2075 3648 On
2094 3599 2356 3659 saeculum,
2380 3600 2509 3654 αἰών,
2530 3614 2612 3647 see
2628 3598 2805 3656 above,

1648 3699 1698 3748 p.
1730 3697 1756 3745 5
1782 3698 1886 3746 sq.;
1928 3682 2027 3730 and
2062 3682 2182 3730 with
2218 3682 2301 3729 the
2335 3682 2599 3730 sentiment
2634 3697 2798 3744 comp.

1648 3781 1679 3813 a
1723 3764 1898 3827 fragm.
1958 3763 2017 3812 of
2055 3763 2151 3812 Th.
2209 3778 2276 3811 on
2333 3763 2541 3812 Genesis
2588 3763 2799 3826 (Migne,

1648 3846 1801 3909 633):
1842 3846 2025 3909 “qdod
2061 3845 2261 3908 quidem
2298 3845 2484 3907 placuit
2519 3845 2673 3902 Deus,
2709 3845 2805 3894 hoc

1650 3938 1785 3975 erat:
1822 3926 1873 3974 in
1907 3925 2033 3974 duos
2068 3934 2223 3973 status
2252 3925 2475 3972 diuidere
2509 3935 2801 3984 creaturam,

1650 4024 1801 4057 unum
1848 4007 2050 4070 quidem
2096 4005 2179 4068 qui
2221 4021 2452 4067 praesens
2490 4014 2581 4061 est,
2618 4004 2669 4053 in
2704 4022 2806 4069 quo

1650 4089 1910 4138 mutabilia
1933 4088 2099 4138 omnia
2123 4087 2235 4135 fecit
2254 4103 2268 4144 ς
2303 4087 2513 4135 alterum
2536 4095 2702 4135 autem
2721 4089 2804 4152 qui

1652 4173 1841 4220 futurus
1903 4178 1992 4229 est,
2053 4184 2167 4217 cum
2221 4183 2464 4216 renouans
2519 4169 2689 4217 omnia
2741 4169 2806 4218 ad

1654 4251 2107 4299 immutabilitatem
2141 4246 2411 4302 transferet,
2441 4262 2649 4309 quorum
2676 4247 2807 4310 prin.

1654 4333 1838 4396 cipium
1886 4332 2030 4378 nobis
2080 4329 2295 4377 ostendit
2344 4330 2395 4375 in
2441 4328 2810 4392 dispensatione

1656 4411 1864 4462 Domini
1908 4409 2108 4461 Christi.
2135 4424 2281 4470 quem
2321 4423 2382 4454 ex
2416 4409 2562 4457 nobis
2600 4409 2809 4458 existen-

1656 4504 1755 4541 tem
1791 4489 2095 4540 resuscitauit
2125 4505 2184 4536 ex
2209 4488 2468 4538 mortuiS.“
