3293 5233
344 397 476 461 111.
509 399 726 483 6—8.]
1057 413 1139 464 IN
1190 414 1295 467 ΕΡ.
1336 415 1441 465 AD
1488 415 2038 470 PHILIPPENSES.
2628 414 2749 483 235

466 581 809 645 secundum
848 583 1338 649 aemulationem
1366 596 1751 668 persequens
1791 585 2128 650 ecclesiam.

469 719 536 772 et
562 710 874 791 quoniam
903 708 1085 794 [non]
1111 711 1175 773 in
1208 712 1665 794 persecutione
1697 712 1989 776 habebat
2020 711 2381 796 perfectam
2416 713 2753 796 probatio-

339 812 717 875 nem—fieri
744 814 922 876 enirn
948 823 1227 896 poterat,
1256 824 1329 877 ut
1353 815 1480 877 hoc
1507 814 1849 879 ferocitate
1874 815 2016 878 sola
2042 814 2303 892 faceret,
2330 816 2752 880 simulatione

335 915 448 979 illa
479 937 610 998 qua
640 938 760 999 pro
792 917 1240 981 aemulatione
1270 919 1537 1001 pietatis
1569 919 1636 982 id
1672 918 1885 982 facere
1919 918 2645 983 uidebatur—adiecit:

463 1066 808 1129 secundum
850 1066 1177 1130 iustitiam
1224 1088 1386 1149 quae
1430 1069 1501 1132 in
1547 1070 1682 1152 lege
1716 1080 1823 1146 est,
1854 1070 2087 1151 factus
2125 1070 2266 1133 sine
2307 1070 2577 1153 querela.
2826 1081 2857 1148 5

467 1194 637 1257 bene
668 1205 891 1258 autem
926 1195 1102 1260 dixit
1143 1219 1304 1278 quae
1333 1197 1405 1260 in
1434 1198 1566 1281 lege
1592 1209 1700 1274 est,
1734 1219 1815 1262 eo
1856 1199 2037 1280 quod
2079 1219 2212 1262 non
2253 1210 2394 1263 erat
2433 1197 2751 1282 possibile

337 1295 478 1358 sine
527 1298 794 1378 querela
854 1298 939 1361 ad
998 1299 1270 1380 plenum
1334 1321 1532 1382 posse
1575 1301 1863 1383 aliquem
1913 1304 2226 1366 inuenire.
2319 1303 2544 1366 omnia
2591 1323 2749 1366 uero

336 1398 688 1461 decurrens
720 1410 787 1462 et
819 1401 1196 1475 ostenden5‚
1229 1403 1408 1483 quod
1453 1402 1613 1465 nihil
1654 1404 1883 1467 deerat
1913 1403 1973 1466 ei
2006 1405 2258 1467 bonum
2292 1425 2379 1467 ex
2412 1402 2540 1466 illis
2576 1424 2749 1486 quae

333 1502 698 1563 secundum
741 1501 957 1584 legem
996 1513 1224 1566 erant:

460 1635 578 1696 sed
599 1656 997 1718 quaecunque
1021 1637 1189 1701 milei
1206 1649 1398 1701 erant
1419 1637 1618 1716 lucra,
1641 1639 1795 1701 llaec
1812 1639 2108 1702 existimo
2123 1648 2390 1721 propter
2413 1637 2744 1703 Clerzzvtum
2783 1658 2861 1704 10

331 1737 737 1804 detrimenta.

461 1871 643 1932 lucra
662 1870 931 1951 quidem
954 1869 1202 1948 dicens-2,
1219 1880 1291 1934 ut
1312 1871 1624 1935 ostendat
1642 1871 1959 1953 quoniam
1986 1869 2170 1955 [non]
2196 1870 2561 1934 necessarie
2581 1878 2742 1933 tunc

331 1972 744 2053 agebantur;
789 1968 1144 2050 †adiciens
1187 1993 1343 2035 uero
1378 1970 1527 2035 ‘illa
1564 1993 1739 2054 quae
1781 1970 2005 2046 erant‚'
2038 1971 2123 2035 ad
2164 1970 2738 2035 confirmationem

330 2074 493 2136 dicit
539 2074 855 2155 quoniam
890 2072 1069 2137 lucra
1106 2074 1400 2138 habebat
1441 2073 1555 2137 illa
1589 2074 1967 2138 sollicitudo
1999 2094 2169 2155 quae
2201 2093 2360 2156 erga
2391 2072 2504 2135 illa
2533 2070 2740 2150 erat,*

332 2196 505 2239 nunc
560 2197 716 2240 uero
779 2177 992 2259 magis
1047 2188 1201 2241 sunt
1248 2178 1638 2240 detrimenta
1688 2179 1752 2241 in
1803 2179 2303 2261 comparatione
2352 2176 2594 2242 Christi
2644 2197 2741 2240 re·
2777 2198 2846 2262 15

330 2289 580 2362 putata.
674 2282 850 2345 unde
882 2284 967 2344 ad
1001 2283 1570 2364 comparationem
1607 2282 1852 2346 Christi
1886 2308 1899 2346 :

454 2417 573 2479 sed
599 2426 661 2480 et
698 2417 991 2481 existimo
1031 2417 1251 2480 onmia
1292 2418 1680 2481 detrimenta
1716 2440 1844 2482 esse
1868 2429 2135 2501 propter
2175 2419 2738 2503 stqoereminentem

323 2519 660 2582 scientiam
706 2520 853 2583 Iesu
904 2518 1157 2585 Christi
1198 2520 1453 2583 domiui
1490 2520 1632 2584 mei.

458 2649 629 2711 bene
671 2649 895 2730 posuit
939 2648 1192 2710 domini
1234 2649 1364 2710 mei
1412 2648 1599 2730 quasi
1649 2670 1739 2711 ex
1788 2649 2286 2730 comparatione
2331 2670 2739 2731 cognoscens

325 2750 540 2831 ipsam
573 2751 1029 2815 differentiam.
1092 2750 1268 2813 unde
1300 2760 1367 2813 et
1399 2760 1618 2812 motus
1652 2771 1877 2813 amore
1909 2751 2254 2815 dominum
2289 2774 2480 2816 suum
2517 2755 2738 2818 Deum
2769 2780 2853 2827 20

439 2953 513 3019 τὸ
539 2954 615 3018 ιῖΝ
644 2953 730 3023 εἰς
754 2954 1083 3019 σύστασιν
1104 2956 1221 3018 τοῦ
1249 2952 1415 3018 ποτὲ
1445 2951 1668 3039 κέρδος
1689 2952 1862 3041 ἔχειν
1883 2952 2003 3032 τὴν
2021 2952 2175 3036 περὶ
2192 2956 2404 3018 ταῦτα
2427 2953 2738 3035 σπουδήν.

421 3153 467 3198 2,
503 3155 556 3187 12
594 3156 695 3187 non
727 3154 804 3187 om
845 3139 888 3187 C
908 3139 976 3187 H
988 3155 1019 3186 r
1198 3160 1227 3201 4
1262 3139 1348 3187 illa
1382 3154 1481 3201 qua
1514 3153 1608 3201 pro
1640 3137 1975 3186 aemulatione
2009 3137 2080 3184 bis
2113 3137 2180 3185 H
2196 3136 2204 3199 Ι
2235 3137 2387 3186 adicit
2416 3139 2512 3187 Cr

326 3233 352 3282 7
388 3220 599 3269 inueniri
628 3222 671 3268 C
693 3221 842 3280 (corr)
1063 3222 1093 3268 8
1127 3220 1212 3284 qui
1239 3221 1254 3279 (
1260 3219 1356 3283 sor
1385 3222 1535 3284 quae)
1558 3220 1627 3268 H
1775 3233 1830 3267 12
1868 3218 2144 3267 necessario
2167 3234 2199 3266 r
2397 3235 2456 3281 14
2491 3219 2603 3269 illos
2628 3220 2743 3285 (sor

322 3302 408 3350 illa
436 3306 505 3361 2⁰)
546 3303 588 3350 C
609 3319 639 3348 r·
666 3300 673 3363 Ι
704 3310 845 3350 erant
885 3300 956 3350 C*
981 3301 1092 3350 llr
1341 3315 1397 3350 ἰι
1426 3316 1504 3365 sq.
1539 3300 1696 3349 Coisl.
1725 3316 1837 3362 204,
1877 3298 1910 3348 f.
1947 3314 2038 3363 130
2060 3315 2090 3347 a
2125 3299 2232 3361 [Cr.
2258 3299 2323 3347 vi.
2353 3314 2465 3362 272,
2507 3301 2591 3350 Fr.
2623 3302 2736 3365 139]

322 3387 561 3446 θεόδωρος.
613 3387 689 3433 καὶ
716 3387 863 3432 ἄλλος
886 3386 937 3433 δὲ
960 3386 1127 3443 ὁμοίως
1151 3386 1314 3444 φησίν·
1351 3386 1407 3433 τὸ
1430 3381 1502 3444 ἦν,
1533 3386 1679 3434 κ.τ.λ.

389 3542 432 3574 2.
501 3528 734 3590 quoniam
770 3526 937 3587 [nord]
1017 3527 1114 3576 See
1147 3543 1195 3591 p.
1225 3541 1334 3589 235,
1364 3527 1397 3575 l.
1432 3543 1471 3585 1,
1648 3540 1720 3587 15.
1767 3526 1824 3573 in
1859 3525 2215 3588 comparatione
2261 3525 2473 3588 Christe]
2550 3528 2732 3578 Tlrdt.:

321 3618 455 3663 note.
480 3611 579 3657 and
607 3610 785 3663 below,
813 3609 842 3659 l.
878 3625 951 3658 η.
1574 3609 1640 3668 τῇ
1661 3609 1928 3668 παραθέσει
1951 3607 2047 3655 τῶν
2069 3605 2364 3669 κρειττόνων.

388 3705 434 3751 5.
496 3690 669 3752 sactus
749 3690 851 3737 sine
914 3688 1125 3752 quercla]
1222 3689 1477 3749 γενόμενος
1646 3701 1722 3749 17.
1766 3690 1852 3737 sed
1866 3689 1932 3749 ct]
1989 3690 2120 3738 ἀλλὰ
2141 3690 2389 3751 μενοῦν[γε
2402 3690 2444 3751 ?]
2468 3692 2562 3741 καί.
2631 3691 2735 3743 For

318 3769 582 3827 ἄμεμπτος.
633 3770 803 3834 Vulg„
838 3773 1206 3819 “conversatus
1229 3770 1334 3818 sine
1357 3766 1476 3833 qu.”
1572 3772 1658 3819 sed
1682 3779 1728 3820 et
1758 3788 1839 3820 see
1875 3788 1924 3836 p.
1962 3775 2040 3831 80,
2081 3772 2116 3820 l.
2159 3787 2232 3831 11,
2273 3782 2427 3831 note;
2462 3773 2734 3837 μενοΰήγε]

322 3851 459 3899 with
486 3850 630 3899 Th.'s
663 3867 841 3899 comm.
877 3850 939 3900 cs.
970 3851 1147 3899 Thdt.:
1183 3852 1356 3909 ἔδειξεν
1391 3848 1478 3898 οὐκ
1575 3851 1694 3901 here
1718 3852 1857 3901 takes
1883 3853 1967 3901 the
1990 3853 2132 3916 place
2154 3851 2213 3901 of
2228 3853 2339 3914 γάρ.
2402 3853 2511 3902 The
2536 3856 2732 3904 render·

318 3929 490 3994 ἀκριβῆ
514 3934 814 3992 δικαιοσύνην
835 3929 923 3991 τὴν
944 3929 1154 3991 νομικήν.
1219 3928 1274 3980 οὗ
1304 3931 1362 3990 δή
1384 3933 1474 3992 χά·
1573 3930 1665 3996 ing
1708 3932 1855 3981 looks
1898 3932 2001 3981 like
2046 3949 2076 3981 a
2121 3932 2282 3981 fusion
2327 3931 2386 3980 of
2429 3933 2513 3983 the
2554 3935 2621 3983 Ο.
2669 3937 2730 3986 L.

316 4033 390 4076 ριν
413 4013 497 4064 οὐκ
521 4016 751 4076 ἀορίστως
773 4016 871 4075 ἔφη
906 4016 920 4037 ‘
935 4016 1063 4063 κατὰ
1085 4012 1468 4071 ὅικαιοσὺνην’...
1576 4016 1637 4073 (“
1653 4013 1865 4062 arbitror
1881 4014 2049 4062 omnia
2072 4013 2437 4062 detrimenta
2460 4030 2566 4063 esse
2585 4032 2732 4080 prop·

318 4099 451 4145 ἀλλὰ
474 4098 811 4157 προστέθεικεν
842 4097 855 4120 ‘
869 4095 958 4154 τήν
980 4097 1029 4144 ἐν
1051 4093 1213 4155 νόμῳ]
1575 4103 1650 4143 ter
1672 4095 1992 4143 eminentiam
2017 4093 2252 4143 scientiae
2269 4092 2315 4156 ”)
2337 4093 2454 4143 with
2475 4095 2558 4143 the
2579 4095 2729 4160 Vulg.

389 4195 460 4229 ιο.
512 4178 839 4243 quaecunque]
876 4176 1030 4225 ἅτινα.
1102 4177 1166 4225 Ο.
1192 4177 1269 4229 L.‚
1295 4175 1465 4238 Vulg.,
1575 4178 1632 4235 (“
1652 4176 1931 4224 existimo
1988 4176 2157 4223 omnia
2210 4175 2562 4224 detrimentum
2624 4194 2731 4228 esse

313 4275 449 4324 quae.
525 4259 607 4308 On
633 4258 716 4306 the
740 4259 882 4307 other
906 4257 1037 4305 hand
1064 4256 1246 4318 ἥγημαι
1271 4257 1311 4304 is
1335 4273 1472 4305 more
1574 4267 1779 4322 propter
1796 4258 2156 4306 eminentem
2182 4258 2496 4307 scientiam
2520 4258 2587 4320 ’‘).
2633 4263 2730 4309 Su·

315 4342 507 4404 exactly
532 4339 770 4388 rendered
798 4339 848 4386 in
872 4339 956 4388 the
983 4338 1129 4387 Latin
1153 4338 1370 4387 versions
1406 4339 1472 4401 by
1560 4341 1863 4403 pereminet?
1884 4360 1932 4380 =
1957 4340 2209 4401 ὑπερέχειν
2252 4356 2423 4389 occurs
2468 4343 2630 4406 again,
2682 4359 2727 4392 c.

315 4424 399 4471 the
439 4422 625 4487 perfect
662 4421 977 4481 (czrz'stimcmi5
1018 4419 1157 4480 duxi,
1197 4420 1472 4468 arbitratus
1570 4421 1633 4470 iv.
1676 4434 1721 4482 7.

313 4508 463 4563 sum).
1636 4517 1714 4551 πο.
1763 4503 2018 4551 ὠνηιίηιυη
2044 4519 2188 4551 suum
2215 4504 2379 4553 Deum
2409 4503 2558 4566 delrit]
2628 4506 2728 4554 For
