3293 5233
333 345 452 418 VI.
485 360 585 427 23,
618 345 742 430 24]
1166 358 1246 409 IN
1296 359 1401 410 ΕΡ.
1445 359 1549 410 AD
1596 360 1965 412 EPHESmS.
2619 359 2733 427 195

466 535 571 592 ‘eo
601 530 778 611 quod
812 528 927 592 illa
956 549 1128 611 quae
1157 529 1523 594 secundum
1555 551 1664 594 me
1705 540 1861 594 sunt
1903 532 2131 598 omnia
2176 529 2366 594 uobis
2407 527 2742 612 Tychicus

337 638 498 692 nota
548 630 761 708 saciet,
804 631 916 712 qui
959 640 1062 694 est
1114 630 1328 695 fidelis
1381 633 1685 696 minister
1737 631 2002 708 Christi,
2063 630 2265 695 frater
2311 651 2470 695 uero
2518 640 2744 694 noster

334 730 647 811 dilectus;
696 752 894 814 quem
937 742 1207 816 propter
1252 735 1381 798 hoc
1432 735 1600 808 misi,
1640 745 1715 798 ut
1752 745 1912 798 nota
1948 734 2139 797 uobis
2181 734 2381 797 faciat
2421 733 2534 796 illa
2572 751 2744 815 quae

333 831 506 896 circa
536 853 659 896 nos
689 843 845 897 sunt
875 843 943 898 et
973 835 1350 900 consoletur
1381 857 1500 899 uos
1531 838 1670 899 suis
1701 835 2148 900 sermonibus?

447 980 592 1051 pax
617 970 964 1053 fratribus
999 980 1064 1034 et
1093 973 1335 1037 can'tas
1371 994 1513 1036 cum
1534 972 1677 1056 fide
1714 991 1758 1034 a
1795 971 1934 1035 Deo
1969 973 2177 1035 Patre
2213 981 2277 1034 et
2311 970 2568 1035 domino
2597 969 2744 1034 Iesu

337 1070 610 1139 Christo.

464 1197 797 1270 exoptans
826 1208 1061 1270 pacem
1095 1199 1163 1253 et
1193 1188 1537 1254 caritatem
1570 1188 1880 1252 fratribus
1911 1208 2064 1251 cum
2098 1187 2230 1250 fide
2275 1209 2314 1251 a
2358 1188 2508 1251 Deo
2552 1186 2746 1249 Patre

333 1299 402 1354 et
430 1292 705 1354 domino
739 1292 888 1355 Iesu
925 1291 1206 1356 Christo,
1295 1293 1477 1355 omni
1528 1293 1706 1355 enim
1757 1291 1904 1354 loco
1952 1292 2214 1355 uidetur
2266 1290 2566 1374 plurimis
2613 1311 2744 1352 ser-

336 1395 644 1457 monibus
676 1394 877 1458 fuisse
913 1395 1157 1458 abusus
1190 1397 1275 1458 de
1307 1396 1595 1470 caritate,
1629 1416 1710 1457 eo
1740 1395 1918 1477 quod
1952 1405 2019 1459 et
2051 1395 2347 1458 maxime
2378 1394 2746 1457 necessaria

334 1498 421 1560 sit
451 1499 535 1560 ad
570 1499 886 1561 uirtutum
921 1499 1497 1581 incorruptionem.
1573 1497 1853 1561 adiecit:

453 1634 688 1716 gratia
743 1657 886 1698 cum
945 1636 1239 1699 omnibus
1295 1635 1411 1716 qui
1465 1635 1761 1717 dilegunt
1803 1633 2137 1698 dominum
2188 1643 2478 1697 nostrum
2530 1632 2578 1695 J
2570 1654 2744 1696 esum

341 1736 689 1814 Christum,
721 1749 784 1802 et
808 1749 975 1801 caste
1001 1747 1479 1802 conuersantur.

464 1862 593 1925 hoc
625 1873 742 1939 est,
775 1860 848 1944 †‘
870 1865 1178 1926 omnibus
1210 1864 1385 1926 adsit
1418 1863 1546 1926 Dei
1577 1865 1810 1944 gratia,
1840 1864 1952 1946 qui
1985 1864 2270 1945 diligunt
2304 1862 2638 1927 Christum
2680 1871 2748 1925 et

337 1973 518 2027 caste
548 1965 1055 2029 conuersantur.'
1146 1964 1408 2027 uidetur
1439 1975 1663 2028 autem
1698 1987 1830 2028 non
1873 1966 2126 2029 dixisse
2158 1966 2522 2029 secundum
2556 1984 2743 2027 suam

335 2069 881 2132 consuetudinem
924 2069 1158 2150 gratia
1222 2068 1542 2133 uobis-cum
1566 2093 1597 2142 ,·
1679 2070 1795 2132 sed
1850 2070 2152 2133 absolute
2209 2069 2376 2154 [cum
2427 2067 2742 2150 omnibus]

334 2171 452 2252 qui
475 2172 765 2253 diligunt
798 2172 1159 2235 Dominum
1192 2172 1262 2234 in
1294 2172 1775 2252 incorruptione,
1813 2175 1905 2237 ita
1936 2184 2007 2237 ut
2039 2174 2277 2237 doceat
2318 2194 2432 2237 eos
2463 2172 2743 2236 multam

336 2273 523 2335 istius
566 2275 654 2336 rei
698 2273 912 2337 facere
943 2274 1391 2354 diligentiam3
1435 2276 1621 2356 quasi
1667 2274 1757 2337 illi
1801 2276 1912 2357 qui
1961 2276 2127 2339 tales
2169 2286 2323 2339 sunt
2367 2277 2651 2357 gratiam
2705 2296 2745 2336 a

336 2374 486 2437 Deo
518 2375 869 2457 plurimam
902 2375 1144 2458 perfrui
1177 2376 1506 2457 possent,*
1527 2377 1728 2440 talem
1755 2377 2019 2458 qualem
2047 2389 2113 2442 et
2138 2398 2293 2459 erga
2327 2379 2548 2440 Deum
2581 2377 2747 2440 cari-

466 2563 484 2589 ‘
503 2555 713 2621 πᾶσιν
744 2553 815 2619 δὲ
843 2555 1120 2643 προσείη
1151 2560 1263 2622 τοῦ
1296 2554 1440 2623 θεοῦ
1472 2556 1510 2638 ἡ
1545 2557 1741 2647 χάρις
1771 2564 1903 2628 τοῖς
1932 2557 2283 2642 ἀγαπῶσιν
2313 2557 2426 2623 τὸν
2455 2553 2747 2643 Χριστὸν

335 2656 446 2721 καὶ
492 2658 559 2721 ἐν
602 2655 946 2744 ἀφθαρσίᾳ,
985 2660 1537 2738 πολιτευομένοις]

335 2763 466 2826 Μεθ’
502 2764 681 2837 {mim
737 2763 1041 2841 συνηθῶς·
1107 2761 1257 2827 ἀλλ’
1307 2763 1537 2832 ἁπλῶς·
1589 2765 1772 2848 [Μετὰ
1819 2766 2106 2849 ΠάικιτωΝ]
2164 2767 2298 2830 τῶΝ
2349 2764 2741 2837 &sandow-(ou

334 2866 444 2928 τόΝ
506 2869 703 2949 κγ’ριοΝ
754 2864 823 2928 ἐκ
872 2864 1183 2950 ἃφθᾼρείᾳ·
1247 2865 1356 2931 ἐπὶ
1402 2869 1494 2951 τῷ
1542 2865 1895 2931 παιδεῦσαι
1940 2864 2166 2936 αὐτοῦς
2208 2864 2472 2944 πολλὴν
2517 2863 2748 2928 τούτου

332 2966 666 3032 ποιεῖσθαι
707 2966 828 3047 τὴν
873 2967 1260 3046 ἐπιμέλειαν,
1317 2965 1401 3036 ὦς·
1446 2966 1527 3033 ἂν
1570 2970 1699 3033 τῶν
1742 2970 2052 3033 τοιούτων
2090 2967 2203 3033 καὶ
2246 2971 2361 3048 τῆς
2404 2967 2588 3052 παρὰ
2631 2993 2746 3033 του

336 3069 486 3135 θεοῦ
513 3068 782 3155 χάριτος
813 3066 1174 3134 ἀπολαύειν
1206 3068 1583 3150 δυναμένων.

437 3246 453 3280 1
484 3230 676 3293 tychius
694 3231 759 3278 ll
841 3246 868 3293 3
893 3231 1023 3280 misit
1046 3231 1159 3293 (sor
1177 3232 1286 3280 misi
1312 3234 1381 3288 ut)
1406 3232 1481 3281 C*
1576 3245 1620 3295 7,
1641 3236 1671 3282 8
1694 3233 2204 3296 exoptans—Christo
2227 3248 2302 3280 om
2325 3232 2437 3295 (per
2457 3231 2746 3290 homoeotel.)

340 3313 411 3361 C*
506 3328 565 3363 ιο
588 3312 738 3361 adicit
758 3312 802 3361 C
892 3327 946 3375 ¹3
972 3313 1088 3361 assit
1112 3313 1180 3360 H
1265 3326 1319 3373 15
1355 3329 1468 3362 cum
1494 3330 1627 3362 omn.
1654 3331 1730 3363 om
1756 3316 1861 3364 CH
1948 3318 2003 3364 18
2028 3324 2076 3364 et
2099 3332 2175 3363 om
2206 3316 2249 3364 C
2270 3316 2417 3375 (corr)
2436 3315 2501 3363 H
2587 3329 2644 3379 19
2666 3330 2739 3378 sq.

336 3393 491 3443 Coisl.
522 3408 615 3455 ²04
640 3392 672 3441 s.
708 3394 797 3441 108
819 3393 855 3440 b
885 3394 992 3454 [Cr.
1018 3392 1083 3441 vi.
1112 3393 1228 3454 225]
1262 3392 1487 3456 θεόδωρός
1522 3402 1689 3455 φησιν·
1723 3398 1876 3444 πᾶσιν
1904 3397 1972 3456 δέ,
2015 3398 2176 3446 κ.τ.λ.
2247 3398 2353 3455 Cr.,
2389 3396 2500 3443 θεοῦ
2532 3399 2702 3455 φησιν.

335 3545 421 3594 the
468 3544 618 3609 Vulg.
659 3552 873 3594 corrects
922 3547 1026 3594 “ut
1035 3584 1151 3595 ......
1159 3546 1492 3595 consoletur.’'

337 3626 440 3674 For
471 3642 581 3675 exx.
623 3626 680 3675 of
704 3627 949 3675 consolari
978 3643 1128 3690 pass„
1153 3644 1235 3676 see
1271 3629 1489 3684 Ronsch,

336 3711 485 3771 Itala,
512 3727 561 3774 p.
592 3711 701 3772 388.
777 3711 842 3757 In
877 3710 1100 3757 Domino
1123 3712 1210 3771 (2⁰)
1245 3726 1404 3759 seems
1438 3720 1491 3758 to

335 3795 464 3843 have
507 3795 635 3842 been
679 3793 914 3857 repeated
957 3792 1086 3840 from
1131 3792 1216 3841 the
1260 3793 1492 3857 previous

335 3876 455 3926 line.

410 3971 482 4006 12.
552 3964 599 4005 et
639 3962 762 4003 caste
791 3955 1172 4016 conuersanlur]
1238 3956 1491 4019 Probably

336 4039 633 4088 substituted
656 4037 775 4086 here
790 4037 859 4099 by
880 4052 944 4084 an
967 4052 1101 4085 error
1124 4036 1183 4084 of
1197 4037 1280 4086 the
1304 4038 1487 4087 scribes

336 4120 414 4169 for
441 4120 497 4167 in
531 4119 903 4180 incormpti0ne‚
931 4117 1093 4166 which
1130 4120 1301 4166 stands
1329 4119 1377 4166 in
1403 4119 1486 4167 the

335 4210 439 4251 text
474 4218 528 4250 as
562 4201 748 4265 quoted
780 4200 831 4247 in
862 4199 946 4248 the
973 4215 1152 4248 comm.
1179 4199 1280 4262 just
1303 4200 1483 4248 below.

339 4283 479 4331 With
517 4282 693 4345 regard
729 4289 783 4329 to
816 4280 901 4329 the
937 4280 1313 4343 interpretation
1350 4281 1407 4329 of
1436 4279 1487 4328 ἐν

338 4366 604 4426 ἀφθαρσίᾳ,
624 4364 718 4412 Th.
750 4363 790 4411 is
813 4370 862 4412 at
887 4378 983 4412 one
1007 4363 1128 4412 with
1152 4364 1351 4426 Chrys,
1373 4364 1487 4413 who

337 4445 561 4510 explains
596 4446 860 4501 τουτέστιν,
902 4442 962 4492 δι’
1010 4446 1195 4506 ἀρετῆς,
1245 4445 1486 4509 although

1594 3549 1657 3598 he
1715 3550 1963 3598 mentions
2019 3551 2104 3599 the
2158 3549 2452 3599 alternative
2513 3550 2748 3614 meaning

1594 3626 1714 3692 ὑπὲρ
1749 3630 2021 3692 ἀφθάρτων.
2095 3630 2250 3679 Thdt.
2294 3630 2487 3680 follows
2522 3631 2652 3679 Th.:
2693 3629 2748 3679 οὖ

1592 3711 1689 3774 γὰρ
1743 3717 1893 3763 πᾶσιν
1947 3711 2112 3763 ἁπλῶς
2166 3714 2452 3775 χορηγεῖν-αι
2503 3711 2534 3772 ἠ
2587 3713 2744 3775 χάρις,

1594 3792 1726 3841 ἀλλά
1754 3795 1850 3843 τοῖς
1886 3791 2142 3855 ἀγαπῶσιν
2183 3790 2270 3841 τὸν
2306 3794 2479 3852 κύριον·
2528 3794 2607 3840 καὶ
2640 3789 2746 3839 οὐδὲ

1591 3878 1774 3923 τούτοις
1807 3873 1989 3931 ἀπλῶς,
2023 3872 2156 3922 ἀλλά
2183 3875 2280 3921 τοῖς
2313 3871 2430 3935 πρὸς
2462 3872 2519 3920 τὸ
2550 3871 2750 3933 ἀγαπᾶν

1591 3960 1674 4007 καὶ
1727 3960 1836 4007 τοὺς
1891 3958 2145 4021 ζωοποιούς
2208 3955 2357 4005 αὐτοῦ
2418 3953 2748 4016 φυλάττουσιν

1590 4036 1770 4095 νόμους.
1838 4039 1963 4087 This
1998 4038 2374 4101 interpretation
2410 4039 2450 4085 is
2484 4052 2539 4084 as
2572 4035 2659 4084 old
2691 4052 2747 4085 as

1590 4121 1674 4169 the
1701 4121 1821 4169 time
1845 4121 1903 4169 os
1926 4120 2142 4184 Origen3
2179 4136 2260 4168 see
2284 4120 2506 4176 Cramer,
2537 4118 2602 4165 vi.
2631 4133 2739 4178 224,

1584 4200 1831 4264 Ὠριγένης
1868 4202 2017 4261 φησίν
2024 4239 2140 4249 ......
2150 4198 2444 4262 διηγήσαντό
2473 4217 2595 4248 τινες
2629 4199 2748 4246 εἶναι

1589 4284 1646 4331 τὸ
1671 4284 1872 4344 ἀγαπᾶν
1895 4281 2038 4331 αὐτὸν
2072 4284 2121 4331 ἐν
2155 4283 2273 4342 ἀφθ.
2299 4282 2622 4341 καθαρεύοντα
2649 4281 2748 4327 ἀπὸ

1590 4364 1687 4412 τῶν
1721 4366 1876 4426 ἔργων
1912 4366 1997 4423 τῆς
2031 4362 2212 4424 φθορᾶς
2247 4362 2423 4424 [citing
2463 4376 2480 4409 1
2522 4360 2638 4409 Cor.
2669 4360 2738 4409 iii.

1598 4445 1693 4508 17].

2367 4562 2384 4605 1
2405 4561 2567 4622 3—2

2783 1505 2859 1551 10

2785 2075 2851 2142 15

1628 2660 1832 2727 ἔοικεν
1879 2661 1948 2726 δὲ
1992 2661 2081 2743 μὴ
2131 2660 2446 2747 εἰρηκέναι
2496 2662 2532 2723 15
2585 2663 2744 2746 χάρις
2777 2681 2860 2727 20
