3293 5233
568 366 626 426 8·
1217 378 1673 432 ΤΗΕοῡοιωε
1720 378 2306 433 MOPSUESTENUS
2675 369 2755 454 [1.
2789 383 2980 451 3—5.

568 557 919 633 peccatum
968 571 1127 618 uero
1174 571 1309 616 non
1358 560 1501 617 erat
1548 550 1873 632 ablatum,
1926 552 2046 616 sed
2095 560 2164 617 et
2212 551 2414 617 ualde
2467 553 2858 618 uersabatur
2914 554 2982 616 in

569 655 806 732 nobis;
849 675 931 719 eo
959 655 1141 738 quod
1174 663 1243 720 et
1272 675 1393 739 per
1420 657 1685 739 singula
1733 655 2266 740 praeuaricamus
2315 665 2679 737 momenta,
2710 656 2984 740 quando

573 757 844 839 quidem
904 759 1050 834 ista,
1116 758 1389 841 quando
1441 780 1600 823 uero
1659 759 1774 824 illa
1832 768 2066 825 contra
2124 760 2291 842 legis
2356 759 2626 824 decreta
2688 769 2983 843 agentes,

576 878 698 922 nec
733 867 875 924 erat
902 859 1260 943 quicquam
1292 861 1476 943 quod
1508 882 1630 925 nos
1670 870 1900 945 posset
1934 883 1978 926 a
2008 871 2289 946 peccato
2326 862 2589 927 liberari
2616 885 2633 945 ;
2680 864 2797 928 sed
2839 865 2985 947 ipsa

509 973 541 1037 5
577 969 852 1025 naturae
919 960 1315 1028 inbecillitas
1374 962 1775 1028 adtrahebat
1850 984 1974 1028 nos
2046 964 2135 1029 ad
2193 973 2568 1047 peccatum.
2679 964 2985 1031 Christus

577 1085 735 1128 uero
794 1063 1065 1128 ueniens
1128 1073 1198 1129 et
1257 1067 1455 1130 morti
1515 1066 1955 1130 succumbens
2016 1087 2139 1149 pro
2206 1067 2402 1131 nobis
2463 1077 2532 1132 et
2598 1087 2984 1151 exsurgenS,

574 1168 644 1231 in
687 1186 1044 1231 commune
1093 1168 1404 1232 omnibus
1453 1168 1848 1233 beneficium
1897 1169 2250 1251 praestitit,
2303 1168 2564 1233 donans
2626 1169 2815 1233 nobis
2868 1188 2989 1253 per

574 1291 649 1336 se
695 1271 898 1336 etiam
957 1271 1449 1335 resurrectionis
1505 1271 2064 1335 communionem.
2153 1271 2464 1337 liberauit
2523 1273 2701 1336 enim
2762 1293 2885 1336 nos
2943 1294 2987 1337 a

576 1375 943 1459 praesentis
992 1375 1238 1440 saeculi
1287 1376 1444 1452 uita,
1485 1377 1552 1439 in
1598 1397 1734 1459 qua
1776 1374 1990 1439 multa
2039 1375 2127 1439 de
2176 1374 2306 1439 illis
2344 1396 2518 1458 quae
2566 1396 2699 1440 non
2742 1396 2988 1440 conue-

473 1495 555 1542 10
578 1479 852 1544 niebant
880 1499 1079 1561 agere
1110 1479 1542 1556 uidebamur;
1587 1479 2066 1562 constituitque
2094 1499 2218 1542 nos
2248 1479 2314 1542 in
2346 1500 2466 1562 spe
2496 1478 2756 1543 suturae
2787 1480 2985 1557 uitae,

578 1599 780 1664 quam
856 1582 1134 1664 adsequi
1212 1581 1385 1645 ultra
1460 1590 1919 1665 expectamus,
1991 1581 2059 1644 in
2128 1581 2682 1646 inmortalitatem
2749 1579 2987 1663 persis-

578 1691 812 1759 tenteS,
844 1691 912 1748 et
944 1684 1009 1747 in
1043 1683 1622 1767 inpassibilitatem
1655 1692 1852 1748 extra
1881 1703 2085 1747 omne
2123 1684 2567 1747 consistentes
2595 1691 2985 1764 peccatum3

576 1784 759 1867 quod
808 1785 991 1850 nullo
1036 1786 1241 1851 modo
1293 1793 1629 1870 praestare
1682 1786 1877 1850 nobis
1928 1785 2042 1849 lex
2084 1786 2312 1851 ualuit.
2425 1785 2602 1849 ultra
2656 1806 2816 1868 ergo
2867 1804 2989 1847 nec

578 1886 745 1971 legis
786 1888 1163 1971 indigemus
1202 1889 1575 1953 custodiam
1620 1908 1742 1952 nec
1778 1898 2306 1971 praeceptorum,
2343 1888 2462 1952 sed
2508 1908 2629 1951 nec
2668 1887 2989 1951 constitu-

477 2004 548 2071 15
580 1993 796 2057 tiones
840 1991 1044 2056 ullas!
1151 1993 1329 2075 quod
1400 1999 1469 2056 et
1533 1992 1707 2055 bene
1781 1992 2246 2074 constringens
2304 2001 2506 2074 atque
2566 1990 2988 2070 confirmanS,

580 2096 784 2161 adicit
806 2095 1073 2159 dicens:
1116 2095 1458 2158 secundum
1489 2095 1887 2158 uoluntatem
1919 2095 2054 2159 Dei
2076 2105 2141 2158 et
2152 2096 2378 2177 patris
2407 2096 2619 2160 nostri
2631 2093 2702 2172 ,·*
2749 2105 2825 2160 ut
2856 2116 2986 2159 non

581 2197 798 2262 solum
844 2197 1305 2281 magnitudine
1353 2216 1569 2260 rerum
1608 2197 1728 2261 sed
1762 2205 1832 2260 et
1861 2195 2237 2262 adiectione
2269 2199 2501 2263 uolens
2531 2198 2666 2263 Dei
2692 2199 2989 2263 uolunta-

579 2428 872 2518 ἀνῄρητο,
903 2428 1085 2497 ἀλλὰ
1112 2430 1237 2520 ’γὰρ
1268 2430 1380 2497 καὶ
1408 2430 1667 2518 σφόδρα
1696 2427 1853 2514 ἡμῖν
1893 2430 2323 2497 ἐπολιτεύετο·
2374 2428 2592 2513 ἐπειδὴ
2629 2431 2758 2518 *γὰρ
2798 2430 2992 2497 ἑκάσ-

579 2560 728 2600 τοτε
770 2536 1279 2621 παραβαίνομεν,
1325 2534 1487 2601 ποτὲ
1530 2535 1650 2618 μὲν
1692 2536 1901 2601 ταῦτα
1945 2534 2106 2600 ποτὲ
2151 2532 2219 2599 δὲ
2258 2534 2467 2599 ἐκεῖνα
2506 2533 2688 2621 παρὰ
2725 2534 2844 2614 τὴν
2877 2535 2990 2601 τοῦ

472 2656 555 2704 20
582 2637 773 2723 νόμου
824 2638 1369 2728 διαπραττόμενοι
1414 2638 1725 2724 διάταξιν,
1778 2642 1888 2706 καὶ
1933 2636 2013 2721 ἦν
2059 2637 2242 2705 οὐδὲν
2291 2638 2368 2704 τὸ
2429 2641 2542 2705 τοῦ
2602 2637 2995 2724 ἁμαρτάνειν

580 2739 747 2821 ἡμᾶς
794 2742 1113 2830 ῥυόμενον,
1168 2742 1320 2809 ἀλλ’
1374 2742 1540 2825 αὑτὴ
1592 2741 1631 2824 ἦ
1680 2744 1791 2823 τῆς
1844 2741 2098 2826 φύσεως
2149 2740 2455 2806 ἀσθένεια
2497 2739 2838 2805 καθεῖλκεν
2884 2736 2993 2801 ἐπὶ

581 2843 656 2909 τὸ
700 2843 975 2911 ππαίειν·
1022 2844 1056 2911 ὁ
1095 2844 1165 2911 δέ
1209 2872 1287 2932 ’γε
1336 2843 1624 2932 Χριστὸς
1676 2843 2019 2911 ἀποθανών
2065 2842 2232 2928 ὑπὲρ
2283 2840 2465 2924 ἡμῶν
2512 2839 2626 2905 καὶ
2677 2835 2991 2917 ἀναστάς,

579 2948 1080 3038 παρασχόμενος
1131 2949 1209 3015 δι’
1259 2949 1454 3017 αὑτοῦ
1503 2949 1613 3018 καὶ
1655 2949 1808 3034 ἡμῖν
1849 2949 1965 3031 τὴν
2009 2951 2123 3031 τῆς
2167 2946 2587 3017 ἀναστάσεως
2628 2943 2995 3027 μετουσίαν,

582 3052 965 3136 ἀπήλλαξεν
1005 3054 1174 3137 ἡμᾶς
1217 3057 1331 3135 τῆς
1373 3057 1488 3120 τοῦ
1522 3052 1844 3141 παρόντος
1880 3050 2036 3134 βίου
2082 3053 2260 3134 ζωῆς,
2300 3053 2367 3118 ἐν
2405 3049 2444 3136 ᾖ
2486 3047 2717 3116 πολλὰ
2753 3049 2883 3113 τῶν
2925 3046 2999 3112 οὐ

472 3175 548 3240 25
581 3156 1040 3238 προσηκόντων
1083 3155 1629 3242 διαπραττόμεθα·
1675 3154 1785 3221 καὶ
1827 3153 2233 3235 κατέστησεν
2276 3154 2389 3219 ἐπὶ
2432 3151 2653 3218 ἐλπίδι
2687 3153 2803 3232 τῆς
2843 3157 2998 3231 μελ-

580 3254 825 3339 λούσης
857 3262 1032 3341 ζωῆς,
1066 3259 1298 3324 λοιπὸν
1326 3256 1643 3324 ἀθάνατοί
1684 3284 1755 3324 τε
1797 3256 1906 3323 καὶ
1950 3254 2225 3326 ἀπαθεῖς
2273 3253 2677 3338 διαμένοντες
2722 3251 2831 3317 καὶ
2878 3250 2998 3333 ἔξω

582 3359 801 3441 πάσης
849 3359 1185 3449 ἁμαρτίας·
1231 3359 1265 3426 ὃ
1313 3360 1623 3444 μηδαμῶς
1675 3362 2054 3449 παρασχεῖν
2101 3358 2254 3442 ἡμῖν
2300 3358 2333 3423 ὁ
2385 3356 2574 3441 νόμος
2628 3354 2997 3444 ἐξίσχυσεν.

584 3461 618 3528 ὃ
661 3468 771 3529 καὶ
816 3467 1031 3534 καλῶς
1075 3463 1487 3549 ἐπισφίογνγων
1530 3462 1952 3548 προσέθηκεν·
2003 3465 2151 3528 κατὰ
2192 3464 2264 3529 τό
2307 3466 2545 3528 θέλημα
2584 3463 2696 3538 To?
2727 3464 2875 3539 θεοῖ
2908 3462 2997 3527 καὶ

586 3571 813 3655 πατρὸς
862 3570 1067 3634 timbre.

683 3724 715 3767 4
749 3720 851 3753 non
886 3703 999 3766 (sor
1028 3703 1138 3764 nos)
1169 3704 1214 3753 C
1346 3718 1398 3754 11
1437 3704 1555 3770 quia
1582 3704 1624 3755 C
1650 3702 1658 3768 Ι
1689 3713 1738 3754 et
1760 3704 1888 3754 serui
1913 3704 2020 3769 (sor
2039 3702 2171 3764 ads.)
2201 3702 2246 3751 C
2262 3702 2331 3751 Η
2446 3715 2521 3762 11,
2547 3716 2603 3751 12
2628 3701 3000 3758 inmortalitate,

585 3785 966 3851 inpassibilitate
997 3786 1043 3835 C
1076 3785 1223 3847 (corr)
1492 3799 1547 3850 17
1583 3787 1996 3851 magnitudinem,
2034 3785 2367 3835 adiectionem
2407 3784 2451 3835 C
2480 3784 2549 3834 H
2567 3781 2577 3849 Ι
2604 3783 2828 3834 uolentes
2870 3784 2915 3834 C
2943 3784 3012 3834 H

591 3887 654 3921 20
693 3872 789 3922 “v.
828 3867 888 3919 τὸ
909 3870 1112 3920 sortasse
1135 3867 1384 3918 delenda’'
1412 3870 1494 3920 Fr.
1726 3888 1751 3919 2
1760 3887 1787 3933 3
1814 3871 1959 3919 αὑτοῦ
1975 3870 2089 3920 edd.

656 4020 702 4064 4.
752 3998 984 4060 liberati]
1017 3997 1129 4047 The
1146 4013 1234 4047 use
1251 3997 1310 4048 os
1324 3998 1577 4063 deponent
1591 3997 1746 4048 forms
1848 3997 2110 4048 Lansranc.
2141 3996 2218 4047 Cf.
2238 3996 2394 4046 Thclt.
2416 4013 2430 4047 ε
2465 3996 2675 4056 ἐξείλετο
2697 3995 2751 4045 δὲ
2771 3994 2899 4055 ἡμᾶς
2920 3997 3005 4044 τοῦ

590 4081 668 4131 sor
711 4080 896 4129 actives
942 4079 985 4128 is
1029 4078 1254 4143 frequent
1292 4078 1344 4127 in
1388 4078 1487 4127 this
1531 4079 1746 4127 version.
1847 4082 2104 4130 ἐνεστῶτος
2127 4080 2347 4140 πονηροῦ,
2377 4080 2630 4127 τουτέστιν
2651 4079 2736 4138 τῆς
2759 4078 2887 4127 κατὰ
2921 4080 3005 4127 τὸν

597 4164 658 4212 In
697 4162 782 4212 the
825 4169 1025 4226 present
1057 4160 1278 4209 instance
1311 4160 1396 4209 the
1429 4160 1748 4208 termination
1849 4163 2066 4224 παρόντα
2087 4163 2196 4223 βίον
2217 4162 2475 4223 διαγωγῆς.

593 4259 709 4307 may
731 4243 858 4293 have
879 4244 1006 4293 been
1030 4241 1292 4306 suggested
1319 4242 1385 4305 by
1410 4240 1494 4290 the
1519 4240 1616 4290 Gk.
1642 4240 1744 4303 ῥυό-
1919 4254 1994 4304 ¹7·
2049 4241 2307 4290 adiectione
2323 4241 2489 4289 uolens
2503 4237 2617 4302 δια]
2650 4240 2829 4303 Comp.
2849 4239 3003 4288 Oec.:

595 4344 750 4384 μενον.
803 4327 980 4389 Comp.
1007 4324 1224 4385 Ronseh,
1248 4325 1398 4387 Itala,
1420 4341 1507 4389 pp.
1532 4337 1741 4386 302—3,
1848 4324 2014 4381 ἐπειδὴ
2043 4323 2143 4384 ’γὰρ
2165 4323 2337 4383 ἔλεγον
2357 4322 2425 4379 μὴ
2449 4322 2546 4368 δεῖν
2570 4322 2655 4381 ἐᾷν
2676 4319 2759 4368 τόν
2783 4321 2925 4377 νόμον
2946 4319 3007 4368 ὠς

597 4408 794 4472 Bensly‚
823 4408 1048 4471 Missing
1064 4408 1347 4472 Fragment,
1378 4424 1425 4471 p.
1464 4422 1538 4469 17.
1853 4404 1944 4454 ὑπὸ
1974 4404 2080 4454 θεοῦ
2108 4406 2329 4460 δοθέντα,
2365 4406 2595 4451 δείκνυσιν
2624 4403 2699 4450 ὅτι
2734 4403 2816 4450 καὶ
2849 4400 2906 4448 τό
2940 4400 3014 4461 τῷ

662 4493 709 4540 8.
771 4491 998 4538 liberauit
1107 4489 1185 4536 lex
1229 4489 1418 4549 ualuit]
1486 4489 1634 4537 Citcd
1683 4490 1749 4552 by
1850 4487 2041 4547 χριστῷ
2054 4483 2311 4535 πιστεῦσαι
2336 4487 2524 4543 θέλημα
2550 4480 2634 4531 τοῦ
2653 4481 2834 4542 πατρός
2853 4480 3003 4530 ἐστιν.
