3293 5233
259 396 312 461 1·.
348 393 563 480 3—5.]
1099 407 1182 458 IN
1231 406 1337 458 ΕΡ.
1381 394 1485 457 An
1529 402 1887 459 GALATAS.
2633 399 2666 468 5

333 573 338 579 ’
386 572 1096 659 ostendens'quoniam
1128 574 1323 640 multi
1352 583 1513 641 sunt
1541 575 1750 641 etiam
1780 576 1934 640 curn
1958 573 2107 659 ipso
2135 556 2464 659 apostolo,
2492 558 2673 639 com-

257 680 673 746 municantes
704 679 764 744 ei
795 679 863 743 in
893 677 1022 743 hac
1052 677 1373 745 doctrina.

377 822 614 906 gratia
672 821 855 886 uobis
916 830 982 886 et
1032 829 1180 903 pax
1233 840 1278 884 a
1337 820 1475 886 Deo
1532 828 1732 904 patre
1801 829 2019 887 nostro
2074 830 2141 886 et
2206 818 2467 887 domino
2521 784 2674 885 lest)

260 921 543 990 Chris-to·

387 1058 516 1124 hoc
573 1057 848 1143 quidem
907 1057 1136 1141 posuit
1193 1066 1552 1138 consuete;
1616 1061 1955 1126 connectit
2013 1080 2174 1128 uero
2229 1058 2364 1126 alia
2411 1069 2674 1146 praeter
2746 1078 2778 1145 5

257 1161 831 1242 consuetudinem,
862 1159 979 1226 illa
1007 1180 1184 1245 quae
1212 1161 1339 1225 sibi
1369 1162 1728 1227 conuenire
1756 1163 1844 1227 ad
1867 1183 2182 1247 praesens
2203 1172 2671 1249 argumentum

258 1263 735 1331 existimabat:

387 1424 509 1509 qui
551 1424 734 1490 dedit
777 1424 1182 1508 semetipsum
1218 1434 1348 1508 pro
1382 1424 1663 1507 peccatis
1707 1427 1963 1504 nostris,
2008 1437 2085 1493 ut
2125 1427 2392 1510 mperet
2438 1445 2553 1493 nos
2598 1447 2677 1493 α·

243 1527 583 1611 praesenti
632 1527 878 1592 saeculo
936 1527 1225 1611 maligno
1281 1526 1628 1592 secundum
1687 1527 2084 1594 uoluntatem
2142 1529 2278 1595 Dei
2332 1537 2399 1595 et
2448 1530 2675 1613 patris

258 1631 483 1711 nostri,
513 1632 623 1696 cui
634 1630 856 1715 gloria
887 1629 959 1695 in
985 1631 1240 1696 saecula
1268 1630 1689 1697 saeculorum.
1775 1651 1982 1697 amen.
2706 1660 2787 1710 10

391 1772 480 1837 ad
525 1792 642 1836 eos
687 1771 801 1855 qui
847 1769 1210 1854 opinantur
1251 1789 1343 1834 ex
1378 1767 1481 1833 his
1520 1767 1717 1833 dictis
1745 1789 1945 1851 posse
1973 1769 2326 1836 ostendere
2353 1770 2672 1854 quoniam

259 1884 498 1941 natura
528 1884 631 1939 est
660 1872 884 1957 aliqua
916 1872 1022 1937 uel
1053 1871 1232 1937 mala
1261 1871 1370 1935 uel
1411 1871 1722 1955 maligna,
1754 1871 1936 1954 quod
1981 1892 2117 1937 non
2162 1881 2266 1938 est
2304 1876 2674 1957 praesentis

259 1980 582 2064 temporis
635 1979 908 2063 longam
961 1979 1049 2044 de
1101 1978 1244 2043 istis
1295 1978 1511 2043 facere
1562 1976 2114 2061 prosecutionem,
2167 1977 2299 2043 alio
2350 1978 2674 2044 sermonis

259 2083 523 2148 extanti
565 2083 949 2167 proposito;
996 2088 1261 2146 tantum
1306 2080 1549 2145 sufficit
1595 2081 1833 2160 dicere,
1875 2082 2057 2166 quod
2110 2082 2492 2157 †saeculum
2539 2104 2674 2149 non

260 2197 367 2252 est
422 2196 682 2267 natura,
731 2207 905 2269 quae
952 2187 1019 2250 in
1067 2205 1191 2249 sua
1241 2186 1454 2269 possit
1512 2187 1783 2270 agnosci
1834 2187 2225 2254 substantia.
2331 2187 2672 2253 saeculum
2711 2205 2781 2274 15

259 2301 489 2356 autem
570 2290 815 2354 dicitur
907 2291 1125 2354 omnis
1220 2299 1601 2373 temporum
1697 2290 2053 2374 prolixitas
2139 2291 2249 2357 uel
2337 2292 2672 2372 distantia,

257 2395 835 2478 qualitercumque
906 2392 1104 2457 suerit
1176 2393 1583 2476 excogitata,
1640 2395 1786 2459 siue
1843 2394 1910 2458 in
1982 2396 2339 2475 modicum,
2397 2396 2540 2463 siue
2608 2397 2676 2463 in

389 2634 549 2702 αἰὼν
578 2633 648 2702 δέ
677 2637 858 2703 ἐστιν
877 2635 952 2703 οὐ
976 2637 1174 2726 φύσις
1194 2637 1264 2705 ἐν
1285 2637 1652 2707 ὑποστάσει
1675 2639 2119 2729 γνωριζομένη,
2144 2638 2326 2708 ἀλλὰ
2346 2638 2679 2724 διάστημα

258 2736 433 2810 ὅπως
462 2740 625 2806 ποτὲ
655 2739 1106 2826 ἐπινοούμενον
1132 2742 1375 2830 χρόνου
1403 2743 1532 2809 εἴτε
1556 2742 1790 2832 μικρὸν
1817 2746 1946 2812 εἴτε
1971 2748 2155 2829 μέγα·
2188 2743 2421 2832 μικρὸν
2445 2742 2565 2828 μὲν
2592 2741 2679 2814 ὥς

358 2925 387 2978 5
421 2912 575 2963 aliam
601 2912 733 2963 CH

258 2995 326 3045 vi.
357 3010 432 3057 η,
460 2995 546 3045 Fr.
577 2993 707 3056 ¹2¹]-

952 2909 1687 2981 6illamH1pr.adarg.H

1883 2917 1941 2967 18
1965 2930 2040 2981 sq.
2070 2912 2225 2968 Coisl.
2254 2930 2352 2978 ‘²04
2373 2913 2409 2964 f.
2431 2925 2460 2978 5
2486 2912 2537 2975 b,
2566 2912 2672 2977 [Cr.

944 2994 1181 3057 θεοδώρου
1203 2994 1424 3059 (marg.)-
2652 3005 2658 3010 ·

330 3144 373 3180 r.
441 3131 688 3181 ostendens
723 3131 958 3196 quoniam
999 3131 1151 3181 multi
1190 3131 1305 3194 dxc-J
1351 3132 1422 3183 So
1456 3191 1466 3201 ‚

259 3212 471 3278 Chrys-z
494 3213 859 3274 θέλω...δεῖξοιι
881 3213 956 3261 ὅτι
978 3213 1189 3264 πολλοὺς
1212 3214 1316 3274 ἔχει
1337 3214 1424 3273 τῆς

256 3298 454 3359 γνώμης
475 3297 733 3347 κοινωνούς.
794 3295 949 3347 Thdt.
970 3313 985 3346 ε
1024 3297 1198 3356 ἔδειξεν
1219 3295 1280 3347 ὡς
1302 3298 1423 3344 τολ-

255 3379 372 3429 λοὺς
393 3379 499 3440 ἔχει
520 3376 606 3428 τοῦ
628 3375 934 3441 κηρύγματος
954 3379 1229 3441 συνεργούς.
1280 3379 1421 3429 Com-

259 3460 518 3509 municare
556 3459 714 3508 alicui
754 3459 812 3508 in
855 3458 1028 3524 alt‘qua
1069 3458 1423 3507 re=xoumei⁸v

258 3544 355 3592 τινὶ
390 3544 456 3593 εἶς
482 3559 532 3591 τι
553 3558 611 3592 or
634 3542 686 3592 ἐν
708 3558 819 3592 τινι.

327 3641 374 3690 3.
435 3642 469 3675 a
489 3627 563 3676 D.
576 3632 728 3691 patre
746 3633 925 3686 nostro,
953 3622 1073 3686 δια]
1127 3624 1228 3674 Th.
1262 3638 1424 3674 seems

259 3716 316 3759 to
336 3709 464 3758 have
486 3707 604 3757 read
628 3703 727 3757 ἀπὸ
748 3709 796 3756 θ.
821 3702 1006 3769 πατρὸς
1026 3704 1158 3766 ἡμῶν
1180 3707 1259 3755 καὶ
1284 3705 1348 3756 Κ.
1374 3706 1417 3757 Ῑ.

258 3789 325 3841 X.
415 3791 588 3839 Below
626 3788 697 3854 (p.
744 3804 791 3857 9,
835 3787 871 3838 1.
911 3801 955 3852 7,
1000 3805 1082 3838 vv.
1122 3787 1214 3850 11.),
1258 3787 1304 3838 C
1331 3788 1422 3837 has

259 3872 499 3924 followed
522 3873 609 3923 the
633 3873 784 3936 Vulg.
813 3873 913 3921 and
939 3872 1001 3922 Ο.
1035 3873 1096 3921 L.

326 3958 374 4007 8.
420 3963 647 4020 αρναεε.
665 3955 849 4004 saeculo
862 3952 1102 4018 maligno]
1138 3953 1303 4002 Pitra=
1323 3952 1427 4002 “de

246 4044 409 4101 praes.
432 4053 552 4086 saec.
577 4052 802 4100 nequam,
832 4035 983 4100 Vulg.
1014 4034 1157 4099 plura
1187 4034 1423 4097 deinceps

258 4120 475 4184 allegare
522 4117 899 4183 supersedemus
942 4117 1123 4180 quibus
1163 4121 1332 4179 pateat

255 4204 406 4254 huius
439 4218 617 4253 comm.
650 4203 931 4251 uersionem
965 4215 996 4248 a
1026 4198 1176 4262 Vulg.
1207 4196 1420 4254 differre,

257 4299 486 4348 aeuoque
523 4280 1017 4344 antehieronymiano
1061 4293 1167 4327 esse
1211 4275 1420 4326 reseren-

257 4363 435 4417 dam.’'
502 4364 586 4413 On
610 4362 695 4412 the
717 4362 866 4411 latter
887 4361 1031 4426 point
1052 4376 1136 4410 see
1158 4360 1244 4411 the
1268 4361 1421 4411 intro-

258 4447 465 4499 duction
489 4454 541 4496 to
564 4445 665 4495 this
686 4444 891 4494 edition.

332 4544 349 4579 1
363 4545 402 4579 1.
442 4528 515 4577 od
530 4544 601 4576 eos
621 4527 710 4592 qui
728 4527 1006 4591 opinantur
1023 4525 1141 4588 Sco]
1176 4524 1286 4574 The
1307 4524 1418 4572 Ma-

1522 3133 1777 3185 nichaeans
1795 3153 1812 3196 3
1833 3133 1896 3184 cf.
1919 3133 2103 3185 Thdt:
2139 3131 2292 3184 αἰῶνα
2312 3130 2519 3196 πονηρόν
2540 3134 2596 3182 οὕ
2614 3134 2680 3182 τὸ,

1524 3217 1749 3279 στοιχεῖα,
1791 3216 2183 3279 προσηγόρευσεν
2225 3215 2356 3264 κατὰ
2391 3215 2482 3275 τὴν
2523 3213 2678 3263 Man·

1522 3300 1679 3360 xalm
1727 3298 2090 3361 ἐμβροντησίαν.
2198 3296 2484 3347 Elsewhere
2520 3295 2609 3359 (on
2652 3312 2672 3346 1

1523 3380 1656 3430 Tim.
1686 3379 1754 3429 iv.
1783 3384 1829 3441 ι)
1864 3378 1961 3428 Th.
2001 3377 2197 3428 attacks
2227 3378 2367 3428 them
2399 3378 2469 3443 by
2500 3393 2677 3428 name:

1528 3463 1566 3488 “
1581 3461 1921 3512 Manichaeos.
1932 3500 1942 3511 .
1953 3461 2081 3527 ,quis
2102 3460 2571 3527 perspiciet-..quod
2592 3460 2678 3510 ad·

1520 3540 1745 3590 nitantur
1764 3540 2023 3591 ostendere
2045 3557 2245 3591 carnem
2266 3557 2299 3591 a
2321 3542 2548 3591 Domino
2574 3556 2678 3590 non

1522 3624 1674 3675 fuisse
1705 3622 2039 3688 susceptam.’'

1596 3722 1669 3769 ¹4·
1723 3707 1970 3756 saeculum
1994 3721 2095 3755 non
2116 3711 2185 3755 est
2205 3703 2414 3767 natura]
2481 3703 2579 3754 See
2592 3702 2680 3752 the

1524 3802 1705 3838 comm.
1743 3803 1810 3836 on
1845 3786 1979 3851 Eph.
2008 3785 2058 3836 ii.
2097 3800 2148 3843 ις
2184 3785 2284 3834 and
2306 3799 2472 3848 comp.
2497 3781 2673 3845 Chrys,

1523 3870 1596 3919 ad
1610 3870 1663 3919 Ιι.
1679 3869 1712 3920 Ι.
1732 3870 1779 3918 τί
1803 3870 1926 3918 ποτέ
1948 3870 2081 3918 ἐστιν
2099 3868 2234 3924 αἰών,
2254 3867 2360 3915 εἰπέ
2379 3883 2460 3925 μοι
2472 3882 2492 3922 ,·
2513 3865 2680 3925 χρόνος

1524 3954 1576 4002 ἐν
1596 3950 1794 4014 ἡμέραις
1816 3951 1895 3999 καὶ
1918 3948 2071 4012 ὥραις.
2125 3950 2176 3998 τί
2209 3950 2317 4007 οὓνς
2352 3945 2412 3997 τὸ
2437 3946 2678 4005 διάστημα

1523 4030 1621 4083 τῶν
1642 4032 1830 4093 ἡμερῶν
1851 4031 2086 4093 πονηρόνς

1595 4113 1667 4166 16.
1697 4115 1965 4179 prolixitas
1972 4114 2052 4162 uel
2062 4110 2321 4173 deli-tantia]
2345 4109 2406 4158 In
2414 4107 2500 4159 the
2510 4109 2677 4159 Greek

1522 4195 1707 4261 simply
1739 4193 1997 4253 διάστημα.
2066 4192 2175 4241 Our
2207 4189 2375 4240 transl.
2399 4188 2679 4253 frequently

1523 4274 1649 4324 adds
1671 4288 1735 4321 an
1758 4271 2049 4320 alternative
2080 4268 2357 4331 rendering,
2383 4266 2530 4316 when
2562 4274 2614 4316 at
2646 4282 2678 4316 a

1522 4356 1624 4405 loss
1646 4354 1723 4403 for
1743 4368 1807 4402 an
1831 4358 1976 4401 exact
2004 4348 2305 4414 equivalent,
2335 4362 2393 4396 or
2424 4363 2478 4396 as
2508 4346 2560 4395 in
2591 4346 2679 4396 the

1522 4450 1633 4485 ease
1649 4433 1708 4483 of
1716 4433 1801 4482 the
1817 4438 1935 4490 text,
1951 4430 2118 4479 where
2134 4428 2219 4478 the
2236 4428 2470 4492 ordinary
2481 4427 2678 4476 version

1521 4516 1774 4582 appeared
1812 4513 2111 4577 inadequate
2131 4528 2148 4571 3
2191 4525 2315 4575 e.g.,
2353 4509 2474 4560 Gal.
2503 4508 2571 4558 iv.
2597 4522 2676 4565 πο,
