3293 5233
490 422 579 486 90
1153 415 1610 468 THEonoaus
1656 412 2239 467 MOPSUESTENUS
2606 398 2714 483 [V.
2746 415 2809 481 7,
2843 401 2900 463 8.

494 591 607 654 illa
658 590 901 654 caritas
948 610 1121 673 quae
1163 610 1322 671 erga
1374 590 1595 652 Deum
1646 595 1768 664 est,
1816 587 2029 651 etiam‘
2072 587 2458 669 proximum
2504 585 2780 669 diligere
2824 595 2899 650 ut

496 694 593 757 fas
625 704 726 758 est
758 694 1096 775 praecipit,
1124 702 1191 756 et
1223 692 1522 755 maxime
1555 690 1741 754 illum
1780 691 1893 772 qui
1926 689 2222 753 eiusdem
2262 690 2415 753 fidei
2442 711 2585 753 esse
2619 689 2900 753 uidetur.

495 796 671 859 hunc
715 797 891 859 enim
939 796 1165 859 diuina
1210 796 1535 877 scriptura
1594 793 2047 877 ‘proximum’
2111 802 2323 857 uocat.
2411 793 2695 875 diligens
2742 814 2902 856 uero

497 897 896 978 proximum,
930 917 1130 979 opere
1162 897 1389 978 utique
1419 916 1579 959 suae
1620 897 1883 960 animae
1913 897 2329 960 demonstrat
2360 895 2690 960 affectum.
2780 916 2904 959 nec

433 1000 674 1077 §enim
736 999 1053 1081 possibile
1113 1009 1215 1063 est
1278 1000 1464 1064 illum
1526 1000 1640 1082 qui
1705 1000 1928 1063 Deum
1991 999 2210 1081 diligit
2271 1019 2403 1061 non
2470 1019 2640 1081 opus
2687 997 2901 1062 facere

497 1100 784 1182 aliquod,
841 1102 1018 1163 unde
1072 1111 1139 1165 et
1193 1101 1565 1164 dilectionis
1619 1100 2002 1164 euidentem
2056 1101 2303 1182 poterit
2352 1101 2703 1164 ostendere
2751 1120 2900 1182 pro-

498 1202 854 1265 bationem.
944 1202 1054 1266 ille
1084 1204 1262 1268 enim
1310 1205 1422 1285 qui
1461 1204 1845 1285 proximum
1896 1202 2129 1284 diligit,
2178 1203 2548 1265 necessario
2596 1204 2663 1265 in
2702 1222 2901 1285 opere

497 1327 687 1369 suam
733 1306 1027 1368 ostendit
1074 1307 1458 1371 amicitiam.
1549 1307 1679 1371 hoc
1724 1326 1883 1388 ergo
1928 1307 2102 1369 dixit
2130 1305 2338 1388 fidem
2378 1327 2541 1388 quae
2567 1317 2693 1388 per
2731 1307 2903 1369 cari·
2944 1374 2955 1382 ,

500 1418 694 1475 tatem
741 1409 1125 1490 inoperatur,
1159 1410 1337 1491 quod
1383 1432 1534 1474 cum
1578 1431 1738 1473 uera
1780 1410 1912 1472 fide
1960 1429 2116 1491 erga
2164 1410 2384 1472 Deum
2418 1410 2711 1474 ostendit
2742 1412 2907 1474 cari-

399 1529 475 1575 10
501 1518 729 1585 tatem,
787 1511 1032 1592 pariter
1078 1513 1281 1574 etiam
1337 1522 1405 1575 et
1455 1533 1611 1595 erga
1666 1514 2049 1595 proximum
2105 1512 2334 1576 itidem
2388 1512 2902 1595 subsequentem

499 1614 793 1677 ostendit
849 1615 1211 1678 caritatem.
1325 1618 1566 1680 caritas
1627 1639 1785 1681 uero
1860 1619 2232 1682 necessario
2295 1618 2359 1681 in
2422 1639 2622 1700 opere
2698 1619 2905 1682 debet

501 1717 829 1798 cognosci,
864 1738 944 1779 eo
989 1720 1170 1800 quod
1221 1740 1416 1782 uerae
1462 1721 1548 1782 sit
1596 1720 1770 1796 fidei,
1824 1743 2026 1803 quam
2084 1724 2397 1785 conuenit
2457 1722 2702 1785 habere
2756 1722 2906 1785 illos

501 1821 613 1901 qui
657 1820 919 1885 Christo
961 1822 1419 1898 crediderunt;
1467 1824 1624 1905 quia
1662 1846 1782 1906 per
1832 1826 2179 1889 caritatem
2233 1827 2299 1888 in
2351 1826 2661 1908 operibus
2707 1826 2907 1889 debet

503 1924 943 1987 demonstrari
986 1925 1098 2005 qui
1145 1925 1444 2006 qualisue
1475 1928 1574 1989 sit.
1668 1927 1866 1990 ‘haec
1898 1928 2169 2010 quidem
2203 1931 2382 2010 apud
2427 1950 2548 1991 nos
2588 1949 2740 1992 cum
2778 1929 2908 1992 sol-

403 2045 470 2111 15
503 2022 844 2090 licitudine
876 2025 1103 2088 debita
1150 2037 1439 2108 aguntur
1464 2047 1478 2102 ;
1526 2030 2039 2092 circumcisionis
2084 2052 2241 2093 uero
2284 2040 2351 2092 et
2389 2033 2718 2113 praeputii
2765 2033 2908 2094 nul-

504 2129 636 2191 lam
670 2150 892 2192 curam
928 2128 1291 2192 habemus!
1360 2140 1428 2193 et
1459 2132 1648 2211 quasi
1681 2133 1794 2213 qui
1826 2132 2225 2195 sufficienter
2256 2131 2450 2195 fuerit
2481 2142 2909 2204 contestatuS.

506 2234 742 2295 iterum
774 2233 859 2294 ad
894 2232 1432 2296 exhortationem
1466 2255 1660 2296 suum
1694 2236 1893 2298 uertit
1924 2256 2300 2298 sermonem
2329 2256 2342 2298 :

632 2445 985 2510 currebatis
1013 2446 1160 2509 beue
1177 2469 1199 2510 .·
1243 2447 1363 2529 qui
1390 2468 1503 2510 uos
1532 2448 1872 2530 irupecliuz't
1900 2449 2173 2513 ueritati
2198 2471 2325 2513 nou
2355 2449 2623 2513 suaderi
2646 2449 2681 2512 ?

635 2597 720 2661 ad
753 2619 1084 2662 summam
1120 2621 1233 2662 eos
1273 2601 1742 2663 uerecundiam
1793 2600 2087 2678 adducit,
2122 2601 2282 2665 dum
2323 2601 2437 2665 illa
2482 2623 2656 2684 quae
2687 2601 2912 2684 primi-

400 2715 484 2763 20
505 2708 611 2763 tus
664 2700 750 2763 ab
798 2702 893 2764 eis
942 2701 1073 2765 fide
1114 2703 1371 2784 integra
1417 2712 1609 2785 gesta
1660 2702 1921 2767 fuerant
1968 2724 2119 2767 cum
2169 2705 2298 2767 illis
2344 2714 2688 2786 comparat
2740 2725 2912 2785 quae

509 2802 593 2864 ad
626 2822 935 2884 praesens
968 2804 1316 2882 faciebant,
1351 2805 1841 2887 reprehendens
1873 2807 2071 2870 simul
2105 2806 2353 2870 factum
2389 2828 2636 2871 eorum.
2730 2807 2916 2871 uide·

509 2915 616 2968 tur
675 2909 850 2969 enim
912 2930 1032 2990 per
1091 2911 1315 2972 omnia
1368 2911 1650 2992 perspici
1706 2931 1838 2983 e03,
1895 2921 1961 2974 et
2021 2911 2461 2975 demiratione
2509 2911 2750 2994 dignos
2800 2931 2915 2973 eos

509 3011 876 3086 ostendere,
909 3034 995 3074 ex
1029 3012 1158 3075 illis
1190 3034 1362 3095 quae
1392 3013 1644 3076 dudum
1680 3023 2039 3096 gesserant.

625 3205 964 3288 persuasio
994 3227 1120 3269 non
1149 3216 1243 3269 est
1269 3227 1347 3269 ex
1373 3216 1631 3269 uocaute
1664 3205 1850 3289 [uos]

611 3444 637 3476 φ,
676 3426 923 3491 praecepit
954 3426 1023 3473 C*
1045 3425 1111 3474 H
1317 3425 1348 3474 6
1382 3429 1567 3491 poteris
1595 3429 1636 3477 C
1648 3427 1676 3452 ⁴*
1702 3413 1771 3476 sl'
1954 3431 1983 3477 8
2018 3430 2146 3478 hanc
2172 3431 2235 3478 ll
2252 3431 2399 3490 (corr)
2624 3447 2681 3481 10
2714 3441 2764 3482 ut
2792 3434 2922 3483 idem

514 3512 628 3574 (star
649 3508 839 3570 itidem)
873 3509 914 3556 C
1115 3523 1170 3555 12
1203 3523 1319 3556 uere
1348 3510 1389 3557 C
1411 3511 1477 3558 ll
1639 3525 1710 3568 14,
1749 3513 1804 3560 18
1839 3511 1949 3575 quis
1976 3512 2092 3575 (for
2111 3513 2217 3576 qui)
2241 3512 2469 3573 ll(c0rr)
2694 3512 2749 3564 16
2783 3518 2921 3580 quasi

513 3589 629 3652 qnia
659 3589 701 3635 C
932 3601 986 3634 21
1028 3586 1242 3635 faciebat
1266 3587 1330 3634 H
1348 3586 1355 3648 Ι
1383 3604 1553 3637 eorum
1576 3605 1654 3637 om
1679 3590 1745 3638 H
2020 3607 2080 3652 24
2117 3593 2432 3656 persuasione
2456 3603 2696 3644 euocante
2724 3597 2766 3644 C
2789 3612 2837 3659 p.
2863 3613 2924 3645 ex

514 3676 725 3719 nocante
751 3668 817 3717 ll

583 3874 629 3907 2.
701 3856 791 3920 qui
809 3855 1015 3905 eiusdem
1027 3855 1155 3920 fidei
1170 3873 1206 3905 e.
1233 3874 1282 3905 u.
1300 3873 1324 3916 ;
1357 3858 1490 3905 hunc
1518 3859 1665 3918 enim,
1772 3861 2029 3918 struction,
2053 3877 2106 3910 as
2132 3861 2203 3910 far
2224 3879 2277 3911 as
2304 3862 2328 3911 1
2358 3879 2449 3911 can
2484 3864 2603 3920 find,
2638 3864 2678 3914 is
2713 3866 2932 3929 peculiar

519 3940 634 4001 &c.]
690 3940 770 3988 Cf.
811 3939 916 3986 infr.
956 3955 996 3986 c.
1036 3938 1097 3986 vi.
1146 3952 1235 3986 10:
1272 3940 1581 4002 ἐργαζώμεθα
1613 3943 1672 3988 τὸ
1776 3950 1826 3990 to
1864 3944 1959 3991 this
1996 3945 2301 4000 translation,
2344 3946 2506 3993 where
2542 3946 2578 3994 it
2611 3947 2651 3995 is
2686 3947 2928 4012 frequent.

519 4024 705 4083 ἀγαθὸν
724 4018 842 4082 πρὸς
865 4022 1068 4078 πάντας,
1091 4024 1306 4079 μάλιστα
1331 4023 1380 4068 δὲ
1417 4018 1532 4081 πρὸς
1565 4024 1674 4071 τοὺς
1776 4025 1911 4072 Pitra
1937 4027 2077 4074 reads
2102 4027 2314 4080 mw'lale,
2342 4027 2426 4074 bnt
2454 4028 2644 4090 against
2676 4030 2753 4078 his
2790 4031 2898 4080 MS.
2907 4069 2922 4093 ‚

519 4104 713 4152 οἰκείους
738 4100 818 4161 τῆς
845 4103 1080 4150 πίστεωςι
1117 4101 1280 4150 where
1307 4117 1388 4150 see
1424 4100 1566 4150 Th.’s
1599 4118 1671 4149 re·
1776 4106 1937 4154 which
1964 4108 2003 4154 is
2026 4108 2293 4169 supported
2322 4108 2384 4169 by
2409 4109 2477 4156 ll.

521 4188 704 4235 marks·
1842 4202 1919 4245 24.
1973 4187 2223 4248 pru-suasio
2248 4202 2347 4232 nou
2370 4193 2451 4242 css,
2473 4187 2585 4246 ἂι]
2633 4189 2727 4236 See
2746 4205 2822 4237 vv.
2846 4189 2894 4238 ll.
2916 4205 2930 4248 ;

592 4271 665 4318 18.
738 4267 938 4315 ueritati
969 4281 1068 4314 nou
1103 4265 1324 4326 suaderi]
1385 4266 1468 4313 An
1514 4264 1675 4313 imita·
1768 4267 2398 4330 pensaunium:persuasio
2423 4270 2455 4316 ii
2480 4273 2523 4317 Ε.
2593 4286 2677 4316 uos
2703 4270 2792 4319 has
2819 4288 2929 4335 pro-

520 4351 624 4398 tion
650 4350 706 4397 os
724 4350 806 4398 the
832 4349 933 4396 Gk.
961 4347 1042 4410 (τῇ
1069 4347 1271 4407 ἀληθείᾳ
1292 4350 1360 4405 μὴ
1385 4349 1670 4406 πείθεσθαι).
1782 4351 1930 4412 bably
1975 4350 2100 4397 been
2158 4351 2363 4398 omitted
2408 4351 2473 4412 by
2512 4366 2541 4398 a
2586 4354 2775 4414 copyist
2820 4353 2933 4401 who

527 4432 726 4478 Risus-ch
753 4430 920 4492 (Itala,
947 4446 995 4496 p.
1027 4429 1140 4493 44¹)
1176 4432 1312 4494 gives
1347 4430 1594 4478 instances
1627 4430 1685 4476 os
1782 4432 2055 4479 connected
2096 4432 2458 4495 “persuasione
2492 4433 2775 4482 euocante”
2814 4435 2932 4483 with

521 4513 721 4560 suaa'tri
750 4514 867 4561 used
893 4528 946 4559 as
969 4528 999 4559 a
1022 4527 1150 4575 pass.
1161 4530 1175 4572 ;
1211 4514 1295 4561 the
1329 4521 1526 4575 present
1559 4526 1678 4559 con·
1773 4519 2035 4574 gesscmnt.
