3293 5233
570 333 646 395 16
1229 346 1685 399 THEODORUS
1732 346 2318 398 MOPSUESTENUS

2630 333 2749 417 [11.
2787 348 2976 414 2—5.

683 525 749 581 et
772 517 1031 600 exposui
1057 518 1197 582 illis
1222 518 1633 602 euangelium
1661 518 1839 602 quod
1846 518 2152 602 prciedico
2178 518 2253 582 iu'
2269 518 2588 602 gentibus,
2612 520 2842 585 secreto
2868 521 2975 584 Itis

555 617 676 702 qui
701 618 1090 686 uidebantur
1117 623 1379 706 aliquid
1399 643 1532 687 esse
1544 646 1575 699 ,·
1617 643 1698 686 ne
1738 642 1985 705 quoquo
2013 620 2198 686 modo
2239 622 2314 687 in
2343 642 2620 687 uacuum
2649 645 2970 689 currerem

555 737 678 790 aut
702 728 1141 792 cucurrissem.

688 876 845 920 nam
886 854 1066 939 quod
1113 855 1393 920 dicitur:
1439 875 1518 918 ne
1553 874 1799 938 quoquo
1837 852 2040 931 modo,
2091 873 2227 917 non
2275 853 2716 919 dubitationis
2768 875 2970 921 causa

449 981 452 984 ⁴
493 972 525 1039 5
557 957 836 1036 dicitur;
887 959 1008 1022 sed
1033 959 1190 1041 quia
1213 959 1511 1042 ‘suscepi
1543 956 2023 1022 reuelationem
2049 956 2143 1021 ita
2165 965 2240 1022 ut
2269 958 2636 1024 ascendens
2660 960 2967 1025 referrem

556 1068 626 1123 et
657 1080 1065 1143 exponerem
1106 1060 1390 1143 egregiis
1427 1058 1888 1144 apostolorum
1929 1059 2016 1123 de
2060 1059 2362 1124 doctrina
2402 1058 2528 1126 hac
2572 1083 2777 1145 quam
2808 1085 2971 1148 gen-

556 1161 744 1225 tibus·
766 1162 1031 1238 tradidi,
1061 1171 1138 1226 ut
1167 1162 1446 1227 credant
1489 1160 1760 1227 Christo
1795 1163 1941 1225 sine
1972 1161 2107 1226 ulla
2148 1161 2314 1245 legis
2358 1163 2824 1245 obseruantia3
2875 1166 2970 1229 ita

558 1273 633 1329 ut
674 1284 808 1328 non
853 1264 1083 1329 uidear
1122 1285 1296 1329 uane
1326 1273 1395 1328 et
1425 1266 1734 1348 putatiue
1760 1264 2049 1343 circuire,
2080 1273 2150 1329 et
2190 1275 2416 1330 tantos
2456 1267 2678 1333 subire
2709 1269 2971 1335 labores

558 1387 786 1431 eorum
835 1387 1038 1431 causa
1089 1368 1205 1450 qui
1259 1366 1527 1433 Christo
1574 1368 1897 1447 credunt3
1960 1389 2046 1433 ne
2096 1370 2369 1452 quando
2417 1371 2767 1437 existimer
2816 1395 2969 1458 pro-

456 1496 534 1545 10
558 1472 774 1555 prium
828 1470 1173 1554 quoddam
1223 1470 1349 1535 iter
1399 1472 1646 1554 exequi
1700 1480 1769 1535 et
1813 1471 2052 1536 ceteris
2097 1472 2420 1556 apostolis
2471 1474 2967 1543 inconuenienS.

558 1573 737 1637 unde
784 1583 853 1639 et
904 1573 1033 1637 hoc
1080 1572 1354 1656 placuit,
1395 1583 1470 1638 ut
1510 1583 1580 1638 et
1621 1573 1885 1637 illorum
1931 1595 2292 1640 consensus
2337 1576 2403 1639 in
2445 1577 2548 1641 his
2578 1600 2752 1660 quae
2789 1602 2830 1644 a
2860 1601 2968 1645 me

558 1676 812 1742 fiebant
840 1675 1230 1742 haberetur.’

557 1778 720 1844 illud
752 1780 932 1862 quod
967 1781 1181 1843 maius
1214 1789 1357 1846 est:

1315 1676 1560 1742 deinde
1605 1677 1934 1742 interiecit
1969 1678 2038 1741 in
2076 1677 2224 1761 ipsa
2261 1677 2591 1744 factorum
2621 1686 2969 1767 sequentia

686 1883 805 1947 sed
841 1904 951 1947 nec
998 1883 1200 1958 Titus,
1248 1882 1368 1965 qui
1407 1903 1650 1946 mecum
1688 1903 1767 1947 ex
1793 1881 2098 1967 gentibus
2136 1892 2291 1960 erat,
2327 1885 2661 1966 conpulsus
2704 1898 2801 1952 est
2845 1890 2969 1953 cir-

459 2009 527 2077 15
557 1985 837 2050 cumcidi
879 1995 1143 2067 propter
1190 1985 1702 2049 subintroductos
1742 1995 1958 2049 autem
1997 1985 2222 2067 falsos
2252 1987 2530 2067 fratres,
2577 1989 2699 2069 qui
2749 1991 2970 2054 subin-

562 2088 880 2152 troierant
919 2088 1245 2170 explorare
1287 2087 1642 2151 libertatem
1682 2097 1987 2162 nostram,
2019 2108 2215 2170 quam
2259 2087 2564 2150 habemus
2599 2091 2671 2153 in
2713 2090 2971 2156 Christo

487 2242 497 2253 .
558 2195 726 2270 Iesu,
761 2201 838 2255 ut
865 2212 979 2255 nos
1011 2192 1080 2256 in
1110 2192 1487 2256 seruitutem
1520 2192 1882 2274 redigerent
1896 2215 1927 2267 ,·
1971 2190 2203 2273 quibus
2241 2210 2348 2252 uec
2379 2190 2477 2252 ad
2511 2189 2740 2256 lzoram
2784 2196 2967 2259 cessi-

561 2316 708 2360 mus
731 2294 1120 2372 subz'ectioni,
1150 2304 1227 2358 ut
1253 2295 1499 2359 ueritas
1525 2294 1855 2377 euangelii
1864 2300 2249 2376 permaneat
2274 2291 2455 2372 apud
2474 2313 2603 2357 uos.

691 2434 847 2477 nam
880 2422 1206 2496 quantum
1234 2422 1333 2476 est
1356 2413 1445 2477 ad
1468 2413 1890 2494 sequentiam
1916 2410 2187 2485 dictum,
2209 2408 2543 2490 superflue
2572 2410 2700 2476 hoc
2733 2413 2798 2477 in
2823 2413 2970 2479 loco

451 2540 536 2588 20
560 2526 774 2579 autem
819 2516 1113 2599 positum
1159 2536 1302 2579 esse
1348 2515 1613 2579 uidetur
1645 2513 1899 2598 (multis
1941 2514 2119 2576 enim
2162 2513 2229 2576 in
2271 2513 2434 2578 locis
2474 2517 2970 2581 coniunctiones

560 2642 602 2685 a
650 2621 851 2684 beato
902 2619 1111 2684 Paulo
1150 2639 1284 2683 non
1334 2639 1487 2682 cum
1528 2620 1759 2682 debita
1806 2618 2154 2700 sequentia
2200 2619 2452 2700 positas
2489 2641 2635 2684 esse
2674 2624 2970 2686 ostendi-

693 2787 719 2836 5
756 2772 937 2837 suscipi
966 2772 1011 2821 C

566 2858 610 2907 C
630 2858 776 2919 (corr)
959 2866 1015 2916 17
1050 2854 1266 2902 redirent
1294 2853 1365 2901 C*

632 3003 673 3036 1.
721 2987 940 3051 exposui]
979 2987 1074 3036 See
1092 3004 1142 3051 p.
1163 2987 1287 3048 14‚l.
1312 3001 1383 3045 10,
1399 2994 1534 3036 note.
1573 2986 1709 3047 Exp.

560 3069 603 3118 is
627 3069 779 3117 found
804 3069 920 3118 here
944 3069 994 3117 in
1028 3069 1154 3117 Cod.
1189 3069 1343 3131 Aug„
1379 3084 1434 3116 as
1468 3082 1532 3116 an
1565 3067 1716 3114 inter-

559 3151 716 3200 linear
755 3151 1019 3214 rendering
1054 3150 1113 3199 os
1149 3146 1467 3211 «ἐνεβαλόμην.
1538 3148 1712 3211 Vulg.‚

560 3233 747 3282 contuli
764 3250 874 3280 cum
900 3233 1016 3281 illis.

629 3332 675 3364 2.
742 3316 831 3378 qui
866 3314 1182 3375 uidebantur]
1235 3315 1278 3361 ol
1318 3315 1587 3363 δοκοῦντεςε
1633 3322 1717 3377 yet

563 3397 727 3445 below
747 3399 818 3459 (p.
849 3409 921 3456 17,
950 3395 984 3443 1.
1015 3392 1113 3456 23),
1138 3395 1277 3459 “qui
1300 3392 1581 3443 uidentur.’'

629 3497 677 3540 4.
745 3492 846 3523 non
886 3475 1198 3524 dubitationis*
1229 3475 1399 3537 causa]
1465 3474 1719 3538 Similarly

563 3559 719 3608 Thdt.
752 3555 807 3605 οὐ
839 3558 948 3618 περὶ
981 3554 1150 3604 ἑαυτοῦ
1182 3558 1410 3612 τέθεικεν,
1445 3552 1576 3603 α’λλὰ
1609 3557 1719 3616 περὶ

562 3639 657 3689 τῶν
676 3638 857 3689 ἄλλων·
892 3639 1159 3694 τουτέστιν,
1183 3637 1257 3685 ἵνα
1280 3636 1495 3694 μάθωσιν
1514 3636 1720 3686 ἅπαντες

562 3724 653 3782 τὴν
676 3717 762 3769 τοῦ
783 3721 1084 3781 κηρύγματος
1106 3720 1397 3780 συμφωνίαν.

629 3804 677 3851 8.
748 3799 1000 3864 putatiue]
1055 3800 1139 3848 ‘as
1178 3815 1209 3848 a
1252 3815 1387 3848 mere
1432 3798 1626 3849 conceit
1665 3815 1722 3849 or

565 3884 710 3947 fancy
734 3882 792 3930 os
809 3897 892 3945 my
916 3897 1029 3930 own
1046 3878 1058 3901 '
1084 3879 1159 3944 (?).

629 3977 677 4028 9.
760 3978 821 4011 ne
863 3960 1060 4025 quando
1157 3960 1520 4021 inconucm'ens]
1589 3962 1717 4009 Lan-

566 4045 719 4101 sranc‚
752 4043 943 4091 Robert
966 4041 1024 4091 of
1041 4043 1100 4090 B.

637 4145 712 4192 14.
777 4128 867 4192 qui
898 4142 1082 4175 mecum
1111 4141 1171 4174 ex
1195 4131 1327 4188 gent.
1358 4124 1483 4185 erat]
1525 4125 1609 4173 An
1644 4131 1716 4173 at·

564 4218 723 4274 tempt
757 4217 809 4258 to
843 4209 1113 4272 reproduce
1149 4207 1232 4256 the
1266 4207 1413 4256 order
1433 4206 1489 4255 of
1509 4206 1591 4255 the
1616 4206 1718 4255 Gk.

481 4360 485 4364 .
567 4293 612 4356 (ὁ
633 4295 717 4341 σὺν
740 4291 844 4349 ἐμοὶ
868 4292 1014 4348 ἔλλην
1037 4288 1136 4353 ὥν).

637 4376 711 4423 18.
777 4372 1078 4433 subiectioni]
1137 4374 1206 4422 So
1241 4370 1325 4420 the
1361 4370 1426 4419 Ο.
1457 4370 1516 4419 L.
1574 4368 1719 4417 With

568 4456 742 4519 Chrys.
771 4454 871 4504 and
900 4454 1074 4512 Thdt„
1108 4453 1207 4502 and
1243 4452 1362 4501 with
1392 4451 1461 4500 all
1494 4450 1581 4500 the
1610 4450 1716 4498 Gk.

1153 2781 1180 2831 7
1214 2771 1367 2821 ullam
1391 2771 1426 2820 1.
1451 2771 1819 2821 obseruantiarn
1848 2769 1918 2818 C*
1943 2770 2012 2818 H

1503 2867 1561 2916 ¹9
1595 2851 1853 2917 sequentia
1876 2851 1997 2900 dicti
2025 2851 2070 2900 C
2089 2851 2234 2915 (corr)

2137 2783 2168 2835 9
2202 2770 2506 2820 existimarer
2527 2772 2555 2819 b
2573 2773 2599 2820 l
2731 2789 2749 2822 1
2763 2790 2782 2823 1
2822 2781 2871 2823 et
2893 2791 2968 2824 om

2376 2866 2440 2901 ἰο
2479 2861 2532 2901 ut
2560 2854 2605 2902 C
2621 2854 2690 2903 H
2708 2855 2896 2915 [autem
2911 2857 2969 2920 g]

1815 2982 1979 3032 uncial
2005 2983 2059 3031 M
2068 2982 2179 3040 SS„
2205 2982 2301 3031 Th.
2323 2983 2468 3033 reads
2491 2985 2610 3034 οὐδέ.

1883 3080 1958 3116 20.
2033 3068 2223 3126 autem]
2274 3067 2342 3115 Ut
2362 3067 2411 3114 in
2437 3067 2523 3117 the
2544 3068 2699 3118 MSS.
2726 3069 2767 3118 is
2790 3069 2973 3134 clearly

1815 3154 2032 3212 corrupt.
2113 3148 2225 3196 The
2269 3155 2376 3197 true
2423 3149 2628 3214 reading
2667 3151 2707 3199 is
2752 3160 2972 3216 suggest·

1815 3232 1879 3280 ed
1945 3231 2014 3294 by
2068 3230 2153 3280 the
2216 3230 2316 3280 Gk.
2377 3238 2641 3280 calenae—
2656 3233 2808 3282 Coisl.
2879 3248 2974 3292 204

1816 3311 1872 3372 [f.
1903 3327 1959 3373 13
1983 3311 2034 3359 b.
2097 3312 2302 3359 Cramer
2338 3310 2400 3359 vi.
2435 3326 2512 3375 29,
2551 3313 2632 3361 Fr.
2673 3314 2805 3375 1241:
2852 3315 2975 3363 τινὲς

1815 3390 1899 3440 τὸν
1923 3393 1981 3441 δὲ
2004 3392 2265 3450 σύνδεσμον
2300 3392 2531 3454 περισσὸν
2564 3395 2756 3454 ἔφασαν
2790 3396 2947 3444 εἶναι..

1816 3474 1849 3533 ἡ
1886 3476 1985 3536 γὰρ
2030 3473 2289 3523 ἀκολουθία
2327 3475 2463 3521 ἐστὶν
2504 3472 2579 3522 ὅτι
2624 3471 2753 3523 ουδὲ
2807 3478 2976 3525 Τίτος

1804 3554 2023 3614 Ἕλλην
2060 3553 2127 3602 ὧν
2161 3552 2510 3615 ἠναγκάσθη
2546 3557 2975 3618 περιτμηθῆναι

1817 3639 1910 3688 διὰ
1931 3639 2059 3687 τοὺς
2082 3633 2509 3697 παρεισάκτους
2536 3637 2975 3699 ψευδαδέλφους
3065 3693 3069 3698 ,

1817 3736 1913 3768 —a
1946 3719 2142 3768 remark
2176 3717 2446 3766 attributed
2482 3718 2536 3766 in
2569 3718 2655 3767 the
2691 3721 2885 3784 margin
2921 3730 2974 3771 to

1819 3799 2082 3849 Theodore
2138 3797 2239 3846 and
2298 3796 2620 3855 Severianus;
2684 3798 2841 3848 Coisl.
2890 3800 2969 3861 26,

1818 3880 1877 3928 τό
1909 3881 2013 3939 ἑξῆς
2056 3877 2222 3927 οὕτως·
2265 3875 2369 3926 ἀλλ’
2409 3877 2517 3927 οὐδὲ
2554 3879 2704 3936 Τίτος,
2738 3883 2906 3941 κ.τ.λ.,
2950 3882 2977 3930 ὁ

1818 3963 1916 4024 γὰρ
1939 3964 1989 4010 δὲ
2019 3960 2253 4023 περιττός.
2311 3960 2462 4010 Thdt.
2493 3962 2674 4025 adopts
2698 3962 2794 4011 this
2819 3962 2975 4023 view;

1818 4045 1919 4092 and
1942 4044 1982 4092 it
2005 4042 2105 4091 had
2127 4043 2255 4091 been
2279 4041 2583 4105 anticipated
2607 4044 2674 4107 by
2700 4045 2975 4107 S.Jer0me‚

1821 4127 1936 4175 who
1959 4126 2148 4175 writes:
2180 4126 2481 4175 “sciendum
2505 4143 2623 4175 uero
2647 4128 2781 4191 quod
2815 4136 2976 4176 autem

1822 4206 2104 4254 coniunctio
2125 4205 2443 4269 ...superflua
2477 4207 2555 4266 sit,
2600 4213 2649 4256 et
2686 4207 2727 4256 si
2764 4209 2970 4273 legatur.

1821 4300 1923 4333 non
1960 4284 2143 4334 habeat
2186 4285 2323 4349 quod
2363 4286 2408 4334 ei
2453 4286 2798 4350 respondeat.'‘
2881 4288 2977 4337 See

1824 4367 2186 4428 Rosemuiiller,
2214 4368 2330 4417 hist.
2355 4368 2563 4433 interpr.
2591 4368 2656 4418 iv.
2682 4385 2730 4434 p.
2766 4386 2782 4419 1
2798 4384 2873 4432 14,
2898 4385 2972 4435 sq.
