<?xml version="1.0" encoding="UTF-8"?>
<!DOCTYPE html PUBLIC "-//W3C//DTD XHTML 1.0 Transitional//EN"
    "http://www.w3.org/TR/xhtml1/DTD/xhtml1-transitional.dtd">
<html xmlns="http://www.w3.org/1999/xhtml" xml:lang="en" lang="en">
 <head>
  <title>
</title>
<meta http-equiv="Content-Type" content="text/html;charset=utf-8" />
  <meta name='ocr-system' content='tesseract 3.04.00' />
  <meta name='ocr-capabilities' content='ocr_page ocr_carea ocr_par ocr_line ocrx_word'/>
</head>
<body>
  <div class='ocr_page' id='page_1' title='image "./theodoriepiscop00mopsgoog_0265.png"; bbox 0 0 3293 5233; ppageno 0'>
   <div class='ocr_carea' id='block_1_1' title="bbox 327 423 2735 509">
    <p class='ocr_par' dir='ltr' id='par_1_1' title="bbox 327 423 2735 509">
     <span class='ocr_line' id='line_1_1' title="bbox 327 423 2735 509; baseline -0.002 -20"><span class='ocrx_word' id='word_1_1' title='bbox 327 425 443 493; x_wconf 90' lang='lat' dir='ltr'>IV.</span> <span class='ocrx_word' id='word_1_2' title='bbox 474 424 561 509; x_wconf 89' lang='lat'>9.]</span> <span class='ocrx_word' id='word_1_3' title='bbox 721 476 724 479; x_wconf 86' lang='lat'><strong>.</strong></span> <span class='ocrx_word' id='word_1_4' title='bbox 1054 432 1061 438; x_wconf 88' lang='grc'>·</span> <span class='ocrx_word' id='word_1_5' title='bbox 1150 437 1234 486; x_wconf 85' lang='lat' dir='ltr'>IN</span> <span class='ocrx_word' id='word_1_6' title='bbox 1281 437 1386 488; x_wconf 84' lang='grc' dir='ltr'>ΕΡ.</span> <span class='ocrx_word' id='word_1_7' title='bbox 1432 438 1534 489; x_wconf 82' lang='lat' dir='ltr'>AD</span> <span class='ocrx_word' id='word_1_8' title='bbox 1581 437 1950 489; x_wconf 78' lang='lat' dir='ltr'>EPHESIos,</span> <span class='ocrx_word' id='word_1_9' title='bbox 2615 423 2735 505; x_wconf 91' lang='lat'>167</span> 
     </span>
    </p>
   </div>
   <div class='ocr_carea' id='block_1_2' title="bbox 321 605 2847 1603">
    <p class='ocr_par' dir='ltr' id='par_1_2' title="bbox 321 605 2847 1603">
     <span class='ocr_line' id='line_1_2' title="bbox 322 605 2735 690; baseline -0.001 -17"><span class='ocrx_word' id='word_1_10' title='bbox 322 612 640 674; x_wconf 89' lang='lat' dir='ltr'>aduersus</span> <span class='ocrx_word' id='word_1_11' title='bbox 699 608 1040 673; x_wconf 91' lang='lat' dir='ltr'>diabolum</span> <span class='ocrx_word' id='word_1_12' title='bbox 1105 608 1440 690; x_wconf 79' lang='lat' dir='ltr'>arripienS‚</span> <span class='ocrx_word' id='word_1_13' title='bbox 1500 616 1569 671; x_wconf 89' lang='lat' dir='ltr'>et</span> <span class='ocrx_word' id='word_1_14' title='bbox 1625 617 1973 689; x_wconf 85' lang='lat' dir='ltr'>tamquam</span> <span class='ocrx_word' id='word_1_15' title='bbox 2040 605 2190 690; x_wconf 89' lang='lat' dir='ltr'>lege</span> <span class='ocrx_word' id='word_1_16' title='bbox 2246 607 2401 672; x_wconf 89' lang='lat' dir='ltr'>belli</span> <span class='ocrx_word' id='word_1_17' title='bbox 2462 607 2735 672; x_wconf 89' lang='lat' dir='ltr'>uincens</span> 
     </span>
     <span class='ocr_line' id='line_1_3' title="bbox 324 702 2736 792; baseline -0 -19"><span class='ocrx_word' id='word_1_18' title='bbox 324 731 475 773; x_wconf 87' lang='lat' dir='ltr'>eum</span> <span class='ocrx_word' id='word_1_19' title='bbox 541 713 645 790; x_wconf 90' lang='lat' dir='ltr'>(eo</span> <span class='ocrx_word' id='word_1_20' title='bbox 710 710 890 792; x_wconf 92' lang='lat' dir='ltr'>quod</span> <span class='ocrx_word' id='word_1_21' title='bbox 951 719 1020 772; x_wconf 92' lang='lat' dir='ltr'>et</span> <span class='ocrx_word' id='word_1_22' title='bbox 1078 710 1413 772; x_wconf 85' lang='lat' dir='ltr'>subtraxit</span> <span class='ocrx_word' id='word_1_23' title='bbox 1473 702 1544 772; x_wconf 74' lang='lat' dir='ltr'>s&#39;e</span> <span class='ocrx_word' id='word_1_24' title='bbox 1604 730 1645 772; x_wconf 89' lang='lat' dir='ltr'>a</span> <span class='ocrx_word' id='word_1_25' title='bbox 1705 717 1934 784; x_wconf 88' lang='lat' dir='ltr'>morte,</span> <span class='ocrx_word' id='word_1_26' title='bbox 1996 709 2248 789; x_wconf 89' lang='lat' dir='ltr'>primus</span> <span class='ocrx_word' id='word_1_27' title='bbox 2308 730 2398 772; x_wconf 86' lang='lat' dir='ltr'>ex</span> <span class='ocrx_word' id='word_1_28' title='bbox 2457 710 2736 772; x_wconf 86' lang='lat' dir='ltr'><strong>mortuis</strong></span> 
     </span>
     <span class='ocr_line' id='line_1_4' title="bbox 324 808 2735 892; baseline 0 -19"><span class='ocrx_word' id='word_1_29' title='bbox 324 808 713 892; x_wconf 86' lang='lat' dir='ltr'>resurgens),</span> <span class='ocrx_word' id='word_1_30' title='bbox 775 831 1197 874; x_wconf 89' lang='lat' dir='ltr'>communem</span> <span class='ocrx_word' id='word_1_31' title='bbox 1260 810 1450 873; x_wconf 91' lang='lat' dir='ltr'>nobis</span> <span class='ocrx_word' id='word_1_32' title='bbox 1511 811 1819 873; x_wconf 86' lang='lat' dir='ltr'>omnibus</span> <span class='ocrx_word' id='word_1_33' title='bbox 1890 809 2123 872; x_wconf 87' lang='lat' dir='ltr'>mortis</span> <span class='ocrx_word' id='word_1_34' title='bbox 2200 810 2502 891; x_wconf 85' lang='lat' dir='ltr'>expediit</span> <span class='ocrx_word' id='word_1_35' title='bbox 2561 811 2735 874; x_wconf 86' lang='lat' dir='ltr'>solu-</span> 
     </span>
     <span class='ocr_line' id='line_1_5' title="bbox 322 913 2735 996; baseline 0 -19"><span class='ocrx_word' id='word_1_36' title='bbox 322 915 573 977; x_wconf 89' lang='lat' dir='ltr'>tionem</span> <span class='ocrx_word' id='word_1_37' title='bbox 599 935 614 991; x_wconf 88' lang='lat'>;</span> <span class='ocrx_word' id='word_1_38' title='bbox 670 913 858 996; x_wconf 85' lang='lat' dir='ltr'>quasi</span> <span class='ocrx_word' id='word_1_39' title='bbox 911 915 1214 996; x_wconf 90' lang='lat' dir='ltr'>captiuos</span> <span class='ocrx_word' id='word_1_40' title='bbox 1266 914 1589 995; x_wconf 90' lang='lat' dir='ltr'>quosdam</span> <span class='ocrx_word' id='word_1_41' title='bbox 1645 933 1769 976; x_wconf 90' lang='lat' dir='ltr'>nos</span> <span class='ocrx_word' id='word_1_42' title='bbox 1822 913 2125 976; x_wconf 90' lang='lat' dir='ltr'>homines</span> <span class='ocrx_word' id='word_1_43' title='bbox 2174 923 2241 977; x_wconf 91' lang='lat' dir='ltr'>et</span> <span class='ocrx_word' id='word_1_44' title='bbox 2300 914 2425 976; x_wconf 91' lang='lat' dir='ltr'>sub</span> <span class='ocrx_word' id='word_1_45' title='bbox 2487 913 2735 977; x_wconf 90' lang='lat' dir='ltr'>diaboli</span> 
     </span>
     <span class='ocr_line' id='line_1_6' title="bbox 321 1015 2840 1102; baseline 0 -23"><span class='ocrx_word' id='word_1_46' title='bbox 321 1017 675 1098; x_wconf 87' lang='lat' dir='ltr'>tyrannide</span> <span class='ocrx_word' id='word_1_47' title='bbox 728 1026 1109 1091; x_wconf 81' lang='lat' dir='ltr'>retentatOS,</span> <span class='ocrx_word' id='word_1_48' title='bbox 1155 1015 1241 1078; x_wconf 93' lang='lat' dir='ltr'>ab</span> <span class='ocrx_word' id='word_1_49' title='bbox 1286 1016 1426 1078; x_wconf 88' lang='lat' dir='ltr'>eius</span> <span class='ocrx_word' id='word_1_50' title='bbox 1481 1016 1720 1097; x_wconf 90' lang='lat' dir='ltr'>eripuit</span> <span class='ocrx_word' id='word_1_51' title='bbox 1775 1016 2223 1098; x_wconf 86' lang='lat' dir='ltr'>impressione.</span> <span class='ocrx_word' id='word_1_52' title='bbox 2330 1015 2556 1098; x_wconf 89' lang='lat' dir='ltr'>sicque</span> <span class='ocrx_word' id='word_1_53' title='bbox 2614 1036 2735 1099; x_wconf 92' lang='lat' dir='ltr'>pro</span> <span class='ocrx_word' id='word_1_54' title='bbox 2809 1035 2840 1102; x_wconf 88' lang='lat'><strong>5</strong></span> 
     </span>
     <span class='ocr_line' id='line_1_7' title="bbox 322 1118 2735 1193; baseline 0 -11"><span class='ocrx_word' id='word_1_55' title='bbox 322 1120 703 1183; x_wconf 90' lang='lat' dir='ltr'>hominibus</span> <span class='ocrx_word' id='word_1_56' title='bbox 735 1120 1044 1182; x_wconf 89' lang='lat' dir='ltr'>omnibus</span> <span class='ocrx_word' id='word_1_57' title='bbox 1076 1120 1392 1182; x_wconf 88' lang='lat' dir='ltr'>aduersus</span> <span class='ocrx_word' id='word_1_58' title='bbox 1423 1118 1764 1182; x_wconf 89' lang='lat' dir='ltr'>diabolum</span> <span class='ocrx_word' id='word_1_59' title='bbox 1797 1120 2160 1193; x_wconf 79' lang='lat' dir='ltr'>decertanS‚</span> <span class='ocrx_word' id='word_1_60' title='bbox 2184 1118 2529 1181; x_wconf 89' lang='lat' dir='ltr'>uictoriam</span> <span class='ocrx_word' id='word_1_61' title='bbox 2563 1119 2735 1182; x_wconf 89' lang='lat' dir='ltr'>obti-</span> 
     </span>
     <span class='ocr_line' id='line_1_8' title="bbox 325 1205 2737 1304; baseline -0 -17"><span class='ocrx_word' id='word_1_62' title='bbox 325 1224 507 1299; x_wconf 83' lang='lat' dir='ltr'>nuit3</span> <span class='ocrx_word' id='word_1_63' title='bbox 556 1232 623 1286; x_wconf 90' lang='lat' dir='ltr'>et</span> <span class='ocrx_word' id='word_1_64' title='bbox 654 1223 1018 1285; x_wconf 86' lang='lat' dir='ltr'>ascendens</span> <span class='ocrx_word' id='word_1_65' title='bbox 1051 1222 1116 1284; x_wconf 93' lang='lat' dir='ltr'>in</span> <span class='ocrx_word' id='word_1_66' title='bbox 1142 1219 1443 1284; x_wconf 77' lang='lat' dir='ltr'>caelum*</span> <span class='ocrx_word' id='word_1_67' title='bbox 1467 1232 1534 1285; x_wconf 91' lang='lat' dir='ltr'>et</span> <span class='ocrx_word' id='word_1_68' title='bbox 1565 1222 1896 1304; x_wconf 86' lang='lat' dir='ltr'>accipiens</span> <span class='ocrx_word' id='word_1_69' title='bbox 1924 1222 2210 1304; x_wconf 88' lang='lat' dir='ltr'>Spiritus</span> <span class='ocrx_word' id='word_1_70' title='bbox 2239 1205 2523 1304; x_wconf 63' lang='lat' dir='ltr'>gfatiam</span> <span class='ocrx_word' id='word_1_71' title='bbox 2548 1224 2737 1287; x_wconf 89' lang='lat' dir='ltr'>dedit</span> 
     </span>
     <span class='ocr_line' id='line_1_9' title="bbox 323 1324 2734 1406; baseline 0 -20"><span class='ocrx_word' id='word_1_72' title='bbox 323 1325 633 1387; x_wconf 89' lang='lat' dir='ltr'>omnibus</span> <span class='ocrx_word' id='word_1_73' title='bbox 694 1324 903 1398; x_wconf 81' lang='lat' dir='ltr'>nobiS,</span> <span class='ocrx_word' id='word_1_74' title='bbox 966 1324 1317 1405; x_wconf 91' lang='lat' dir='ltr'>unicuique</span> <span class='ocrx_word' id='word_1_75' title='bbox 1376 1343 1565 1385; x_wconf 85' lang='lat' dir='ltr'>suam</span> <span class='ocrx_word' id='word_1_76' title='bbox 1618 1325 1903 1406; x_wconf 85' lang='lat' dir='ltr'>gratiam</span> <span class='ocrx_word' id='word_1_77' title='bbox 1958 1324 2320 1387; x_wconf 89' lang='lat' dir='ltr'>secundum</span> <span class='ocrx_word' id='word_1_78' title='bbox 2376 1326 2555 1406; x_wconf 91' lang='lat' dir='ltr'>quod</span> <span class='ocrx_word' id='word_1_79' title='bbox 2610 1325 2734 1388; x_wconf 90' lang='lat' dir='ltr'>sibi</span> 
     </span>
     <span class='ocr_line' id='line_1_10' title="bbox 323 1426 2735 1509; baseline 0 -20"><span class='ocrx_word' id='word_1_80' title='bbox 323 1427 643 1509; x_wconf 89' lang='lat' dir='ltr'>placitum</span> <span class='ocrx_word' id='word_1_81' title='bbox 677 1426 799 1491; x_wconf 86' lang='lat' dir='ltr'>fuit</span> <span class='ocrx_word' id='word_1_82' title='bbox 829 1426 1233 1490; x_wconf 69' lang='lat' dir='ltr'>demetiens!</span> <span class='ocrx_word' id='word_1_83' title='bbox 1322 1434 1389 1489; x_wconf 92' lang='lat' dir='ltr'>et</span> <span class='ocrx_word' id='word_1_84' title='bbox 1421 1426 1575 1508; x_wconf 90' lang='lat' dir='ltr'>quia</span> <span class='ocrx_word' id='word_1_85' title='bbox 1607 1427 1989 1490; x_wconf 88' lang='lat' dir='ltr'>incredibile</span> <span class='ocrx_word' id='word_1_86' title='bbox 2021 1437 2161 1490; x_wconf 91' lang='lat' dir='ltr'>erat</span> <span class='ocrx_word' id='word_1_87' title='bbox 2191 1426 2319 1489; x_wconf 92' lang='lat' dir='ltr'>hoc</span> <span class='ocrx_word' id='word_1_88' title='bbox 2349 1428 2435 1490; x_wconf 90' lang='lat' dir='ltr'>de</span> <span class='ocrx_word' id='word_1_89' title='bbox 2466 1427 2735 1490; x_wconf 89' lang='lat' dir='ltr'>homine</span> 
     </span>
     <span class='ocr_line' id='line_1_11' title="bbox 324 1512 2847 1603; baseline 0.005 -14"><span class='ocrx_word' id='word_1_90' title='bbox 324 1528 612 1591; x_wconf 85' lang='lat' dir='ltr'>dictum:</span> <span class='ocrx_word' id='word_1_91' title='bbox 2696 1512 2700 1515; x_wconf 52' lang='lat'>‚</span> <span class='ocrx_word' id='word_1_92' title='bbox 2769 1555 2847 1603; x_wconf 89' lang='lat'>10</span> 
     </span>
    </p>
   </div>
   <div class='ocr_carea' id='block_1_3' title="bbox 322 1683 2737 1882">
    <p class='ocr_par' dir='ltr' id='par_1_3' title="bbox 322 1683 2737 1882">
     <span class='ocr_line' id='line_1_12' title="bbox 453 1683 2737 1777; baseline -0 -19"><span class='ocrx_word' id='word_1_93' title='bbox 453 1695 625 1777; x_wconf 85' lang='lat' dir='ltr'>quod</span> <span class='ocrx_word' id='word_1_94' title='bbox 647 1705 861 1759; x_wconf 80' lang='lat' dir='ltr'>autem</span> <span class='ocrx_word' id='word_1_95' title='bbox 890 1694 1190 1769; x_wconf 85' lang='lat' dir='ltr'>ascendit,</span> <span class='ocrx_word' id='word_1_96' title='bbox 1221 1692 1387 1777; x_wconf 85' lang='lat' dir='ltr'>quid</span> <span class='ocrx_word' id='word_1_97' title='bbox 1406 1704 1514 1770; x_wconf 86' lang='lat' dir='ltr'>est,</span> <span class='ocrx_word' id='word_1_98' title='bbox 1547 1694 1683 1757; x_wconf 79' lang='lat' dir='ltr'>nisi</span> <span class='ocrx_word' id='word_1_99' title='bbox 1699 1683 1865 1777; x_wconf 51' lang='lat' dir='ltr'>‘quia</span> <span class='ocrx_word' id='word_1_100' title='bbox 1900 1704 1964 1757; x_wconf 84' lang='lat' dir='ltr'>et</span> <span class='ocrx_word' id='word_1_101' title='bbox 1989 1694 2307 1758; x_wconf 82' lang='lat' dir='ltr'>descendit</span> <span class='ocrx_word' id='word_1_102' title='bbox 2321 1694 2624 1776; x_wconf 82' lang='lat' dir='ltr'>primum</span> <span class='ocrx_word' id='word_1_103' title='bbox 2663 1692 2737 1758; x_wconf 83' lang='lat' dir='ltr'>in</span> 
     </span>
     <span class='ocr_line' id='line_1_13' title="bbox 322 1797 1198 1882; baseline -0.003 -19"><span class='ocrx_word' id='word_1_104' title='bbox 322 1800 665 1882; x_wconf 74' lang='lat' dir='ltr'>infiriores</span> <span class='ocrx_word' id='word_1_105' title='bbox 678 1810 905 1881; x_wconf 83' lang='lat' dir='ltr'>partes</span> <span class='ocrx_word' id='word_1_106' title='bbox 934 1809 1143 1861; x_wconf 78' lang='lat' dir='ltr'>terrae</span> <span class='ocrx_word' id='word_1_107' title='bbox 1163 1797 1198 1860; x_wconf 80' lang='lat'><em>?</em></span> 
     </span>
    </p>
   </div>
   <div class='ocr_carea' id='block_1_4' title="bbox 325 1940 2839 2644">
    <p class='ocr_par' dir='ltr' id='par_1_4' title="bbox 325 1940 2839 2644">
     <span class='ocr_line' id='line_1_14' title="bbox 456 1940 2732 2024; baseline -0.002 -18"><span class='ocrx_word' id='word_1_108' title='bbox 456 1964 610 2006; x_wconf 90' lang='lat' dir='ltr'>nam</span> <span class='ocrx_word' id='word_1_109' title='bbox 650 1943 827 2024; x_wconf 91' lang='lat' dir='ltr'>quod</span> <span class='ocrx_word' id='word_1_110' title='bbox 876 1942 1055 2018; x_wconf 90' lang='lat' dir='ltr'>dicit,</span> <span class='ocrx_word' id='word_1_111' title='bbox 1097 1941 1170 2005; x_wconf 81' lang='lat' dir='ltr'>in</span> <span class='ocrx_word' id='word_1_112' title='bbox 1216 1941 1557 2024; x_wconf 82' lang='lat' dir='ltr'>inferiores</span> <span class='ocrx_word' id='word_1_113' title='bbox 1588 1950 1815 2022; x_wconf 83' lang='lat' dir='ltr'>partes</span> <span class='ocrx_word' id='word_1_114' title='bbox 1862 1950 2085 2015; x_wconf 83' lang='lat' dir='ltr'>terrae,</span> <span class='ocrx_word' id='word_1_115' title='bbox 2134 1960 2268 2003; x_wconf 91' lang='lat' dir='ltr'>non</span> <span class='ocrx_word' id='word_1_116' title='bbox 2321 1940 2445 2002; x_wconf 89' lang='lat' dir='ltr'>sub</span> <span class='ocrx_word' id='word_1_117' title='bbox 2492 1949 2732 2003; x_wconf 87' lang='lat' dir='ltr'>terram</span> 
     </span>
     <span class='ocr_line' id='line_1_15' title="bbox 325 2041 2734 2125; baseline -0.001 -19"><span class='ocrx_word' id='word_1_118' title='bbox 325 2044 505 2108; x_wconf 88' lang='lat' dir='ltr'>dicit.</span> <span class='ocrx_word' id='word_1_119' title='bbox 593 2064 750 2106; x_wconf 90' lang='lat' dir='ltr'>narn</span> <span class='ocrx_word' id='word_1_120' title='bbox 785 2043 896 2105; x_wconf 90' lang='lat' dir='ltr'>illa</span> <span class='ocrx_word' id='word_1_121' title='bbox 927 2063 1098 2125; x_wconf 92' lang='lat' dir='ltr'>quae</span> <span class='ocrx_word' id='word_1_122' title='bbox 1135 2044 1258 2106; x_wconf 94' lang='lat' dir='ltr'>sub</span> <span class='ocrx_word' id='word_1_123' title='bbox 1299 2053 1471 2106; x_wconf 90' lang='lat' dir='ltr'>terra</span> <span class='ocrx_word' id='word_1_124' title='bbox 1513 2051 1685 2119; x_wconf 89' lang='lat' dir='ltr'>sunt,</span> <span class='ocrx_word' id='word_1_125' title='bbox 1729 2043 1860 2105; x_wconf 91' lang='lat' dir='ltr'>iam</span> <span class='ocrx_word' id='word_1_126' title='bbox 1907 2041 2078 2106; x_wconf 91' lang='lat' dir='ltr'>ultra</span> <span class='ocrx_word' id='word_1_127' title='bbox 2123 2051 2363 2105; x_wconf 90' lang='lat' dir='ltr'>terram</span> <span class='ocrx_word' id='word_1_128' title='bbox 2412 2061 2554 2103; x_wconf 88' lang='lat' dir='ltr'>esse</span> <span class='ocrx_word' id='word_1_129' title='bbox 2600 2061 2734 2103; x_wconf 92' lang='lat' dir='ltr'>non</span> 
     </span>
     <span class='ocr_line' id='line_1_16' title="bbox 325 2145 2839 2231; baseline -0.004 -19"><span class='ocrx_word' id='word_1_130' title='bbox 325 2156 655 2231; x_wconf 89' lang='lat' dir='ltr'>poterunt.</span> <span class='ocrx_word' id='word_1_131' title='bbox 744 2147 815 2210; x_wconf 84' lang='lat' dir='ltr'>in</span> <span class='ocrx_word' id='word_1_132' title='bbox 853 2147 1194 2227; x_wconf 73' lang='lat' dir='ltr'>infiriores</span> <span class='ocrx_word' id='word_1_133' title='bbox 1233 2156 1456 2209; x_wconf 89' lang='lat' dir='ltr'>autern</span> <span class='ocrx_word' id='word_1_134' title='bbox 1487 2156 1731 2227; x_wconf 75' lang='lat' dir='ltr'>parteS,</span> <span class='ocrx_word' id='word_1_135' title='bbox 1773 2146 1986 2228; x_wconf 86' lang='lat' dir='ltr'>ipsam</span> <span class='ocrx_word' id='word_1_136' title='bbox 2034 2154 2273 2209; x_wconf 87' lang='lat' dir='ltr'>terram</span> <span class='ocrx_word' id='word_1_137' title='bbox 2321 2145 2624 2206; x_wconf 90' lang='lat' dir='ltr'>nominat</span> <span class='ocrx_word' id='word_1_138' title='bbox 2668 2145 2734 2207; x_wconf 91' lang='lat' dir='ltr'>in</span> <span class='ocrx_word' id='word_1_139' title='bbox 2770 2154 2839 2221; x_wconf 88' lang='lat'>15</span> 
     </span>
     <span class='ocr_line' id='line_1_17' title="bbox 326 2246 2735 2332; baseline -0.002 -19"><span class='ocrx_word' id='word_1_140' title='bbox 326 2249 824 2332; x_wconf 88' lang='lat' dir='ltr'>comparatione</span> <span class='ocrx_word' id='word_1_141' title='bbox 854 2249 1036 2312; x_wconf 90' lang='lat' dir='ltr'>caeli.</span> <span class='ocrx_word' id='word_1_142' title='bbox 1125 2248 1271 2311; x_wconf 92' lang='lat' dir='ltr'>uult</span> <span class='ocrx_word' id='word_1_143' title='bbox 1300 2258 1523 2311; x_wconf 85' lang='lat' dir='ltr'>autem</span> <span class='ocrx_word' id='word_1_144' title='bbox 1555 2249 1775 2311; x_wconf 89' lang='lat' dir='ltr'>dicere</span> <span class='ocrx_word' id='word_1_145' title='bbox 1805 2246 2118 2330; x_wconf 89' lang='lat' dir='ltr'>quoniam</span> <span class='ocrx_word' id='word_1_146' title='bbox 2160 2266 2293 2308; x_wconf 92' lang='lat' dir='ltr'>non</span> <span class='ocrx_word' id='word_1_147' title='bbox 2331 2247 2735 2320; x_wconf 89' lang='lat' dir='ltr'>ascenderat,</span> 
     </span>
     <span class='ocr_line' id='line_1_18' title="bbox 328 2350 2733 2434; baseline -0.002 -19"><span class='ocrx_word' id='word_1_148' title='bbox 328 2354 451 2416; x_wconf 88' lang='lat' dir='ltr'>nisi</span> <span class='ocrx_word' id='word_1_149' title='bbox 500 2353 783 2434; x_wconf 90' lang='lat' dir='ltr'>primum</span> <span class='ocrx_word' id='word_1_150' title='bbox 834 2352 899 2414; x_wconf 94' lang='lat' dir='ltr'>in</span> <span class='ocrx_word' id='word_1_151' title='bbox 944 2351 1126 2413; x_wconf 90' lang='lat' dir='ltr'>illum</span> <span class='ocrx_word' id='word_1_152' title='bbox 1166 2352 1395 2414; x_wconf 88' lang='lat' dir='ltr'>diuina</span> <span class='ocrx_word' id='word_1_153' title='bbox 1427 2351 1648 2433; x_wconf 90' lang='lat' dir='ltr'>aliqua</span> <span class='ocrx_word' id='word_1_154' title='bbox 1681 2352 2016 2414; x_wconf 84' lang='lat' dir='ltr'>extitisset</span> <span class='ocrx_word' id='word_1_155' title='bbox 2048 2359 2299 2425; x_wconf 87' lang='lat' dir='ltr'>natura,</span> <span class='ocrx_word' id='word_1_156' title='bbox 2330 2371 2501 2431; x_wconf 87' lang='lat' dir='ltr'>quae</span> <span class='ocrx_word' id='word_1_157' title='bbox 2533 2350 2733 2412; x_wconf 86' lang='lat' dir='ltr'>etiam</span> 
     </span>
     <span class='ocr_line' id='line_1_19' title="bbox 327 2452 2735 2538; baseline -0.002 -18"><span class='ocrx_word' id='word_1_158' title='bbox 327 2467 394 2521; x_wconf 90' lang='lat' dir='ltr'>et</span> <span class='ocrx_word' id='word_1_159' title='bbox 441 2478 638 2538; x_wconf 88' lang='lat' dir='ltr'>super</span> <span class='ocrx_word' id='word_1_160' title='bbox 690 2456 906 2518; x_wconf 88' lang='lat' dir='ltr'>caelos</span> <span class='ocrx_word' id='word_1_161' title='bbox 960 2464 1141 2534; x_wconf 87' lang='lat' dir='ltr'>erat;</span> <span class='ocrx_word' id='word_1_162' title='bbox 1194 2457 1298 2518; x_wconf 92' lang='lat' dir='ltr'>cui</span> <span class='ocrx_word' id='word_1_163' title='bbox 1353 2465 1419 2517; x_wconf 92' lang='lat' dir='ltr'>et</span> <span class='ocrx_word' id='word_1_164' title='bbox 1468 2455 1871 2536; x_wconf 90' lang='lat' dir='ltr'>complacuit</span> <span class='ocrx_word' id='word_1_165' title='bbox 1924 2455 1990 2516; x_wconf 93' lang='lat' dir='ltr'>in</span> <span class='ocrx_word' id='word_1_166' title='bbox 2038 2454 2222 2516; x_wconf 90' lang='lat' dir='ltr'>illum</span> <span class='ocrx_word' id='word_1_167' title='bbox 2269 2453 2583 2528; x_wconf 87' lang='lat' dir='ltr'>habitare,</span> <span class='ocrx_word' id='word_1_168' title='bbox 2622 2452 2735 2534; x_wconf 91' lang='lat' dir='ltr'>qui</span> 
     </span>
     <span class='ocr_line' id='line_1_20' title="bbox 326 2557 2621 2644; baseline -0.002 -18"><span class='ocrx_word' id='word_1_169' title='bbox 326 2581 523 2644; x_wconf 87' lang='lat' dir='ltr'>super</span> <span class='ocrx_word' id='word_1_170' title='bbox 552 2570 793 2624; x_wconf 79' lang='lat' dir='ltr'>terram</span> <span class='ocrx_word' id='word_1_171' title='bbox 827 2568 983 2634; x_wconf 89' lang='lat' dir='ltr'>erat,</span> <span class='ocrx_word' id='word_1_172' title='bbox 1016 2568 1082 2622; x_wconf 91' lang='lat' dir='ltr'>et</span> <span class='ocrx_word' id='word_1_173' title='bbox 1113 2578 1309 2639; x_wconf 90' lang='lat' dir='ltr'>super</span> <span class='ocrx_word' id='word_1_174' title='bbox 1340 2566 1580 2621; x_wconf 87' lang='lat' dir='ltr'>terram</span> <span class='ocrx_word' id='word_1_175' title='bbox 1615 2558 2014 2622; x_wconf 87' lang='lat' dir='ltr'>morabatur.</span> <span class='ocrx_word' id='word_1_176' title='bbox 2103 2558 2347 2622; x_wconf 88' lang='lat' dir='ltr'>deinde</span> <span class='ocrx_word' id='word_1_177' title='bbox 2378 2557 2621 2621; x_wconf 87' lang='lat' dir='ltr'>adicit:</span> 
     </span>
    </p>
   </div>
   <div class='ocr_carea' id='block_1_5' title="bbox 326 2762 2849 3264">
    <p class='ocr_par' dir='ltr' id='par_1_5' title="bbox 326 2762 2849 3264">
     <span class='ocr_line' id='line_1_21' title="bbox 326 2762 2849 2857; baseline -0.002 -22"><span class='ocrx_word' id='word_1_178' title='bbox 326 2769 552 2857; x_wconf 77' lang='grc' dir='ltr'>ὥσπερ</span> <span class='ocrx_word' id='word_1_179' title='bbox 594 2768 886 2843; x_wconf 78' lang='grc' dir='ltr'>πολέμου</span> <span class='ocrx_word' id='word_1_180' title='bbox 927 2768 1096 2853; x_wconf 85' lang='grc' dir='ltr'>νόμῳ</span> <span class='ocrx_word' id='word_1_181' title='bbox 1151 2768 1424 2847; x_wconf 74' lang='grc' dir='ltr'>νικήσας</span> <span class='ocrx_word' id='word_1_182' title='bbox 1475 2766 1694 2846; x_wconf 82' lang='grc' dir='ltr'>αὐτόν,</span> <span class='ocrx_word' id='word_1_183' title='bbox 1750 2765 1970 2849; x_wconf 84' lang='grc' dir='ltr'>ἐπειδὴ</span> <span class='ocrx_word' id='word_1_184' title='bbox 2020 2766 2292 2850; x_wconf 77' lang='grc' dir='ltr'>ἀφεῖλεν</span> <span class='ocrx_word' id='word_1_185' title='bbox 2342 2763 2576 2830; x_wconf 76' lang='grc' dir='ltr'>ἑαυτὸν</span> <span class='ocrx_word' id='word_1_186' title='bbox 2623 2762 2736 2828; x_wconf 79' lang='grc' dir='ltr'>τοῦ</span> <span class='ocrx_word' id='word_1_187' title='bbox 2766 2783 2849 2829; x_wconf 90' lang='grc'>20</span> 
     </span>
     <span class='ocr_line' id='line_1_22' title="bbox 329 2865 2739 2960; baseline -0.005 -19"><span class='ocrx_word' id='word_1_188' title='bbox 329 2875 610 2941; x_wconf 84' lang='grc' dir='ltr'>θανάτου</span> <span class='ocrx_word' id='word_1_189' title='bbox 648 2873 960 2960; x_wconf 73' lang='grc' dir='ltr'>πρότερος</span> <span class='ocrx_word' id='word_1_190' title='bbox 1005 2872 1314 2949; x_wconf 70' lang='grc' dir='ltr'>ἀναστάς,</span> <span class='ocrx_word' id='word_1_191' title='bbox 1357 2869 1579 2953; x_wconf 81' lang='grc' dir='ltr'>κοινὴν</span> <span class='ocrx_word' id='word_1_192' title='bbox 1622 2871 1733 2934; x_wconf 83' lang='grc' dir='ltr'>ἐπὶ</span> <span class='ocrx_word' id='word_1_193' title='bbox 1772 2868 2038 2934; x_wconf 84' lang='grc' dir='ltr'>πάντων</span> <span class='ocrx_word' id='word_1_194' title='bbox 2078 2868 2260 2949; x_wconf 81' lang='grc' dir='ltr'>ἡμῶν</span> <span class='ocrx_word' id='word_1_195' title='bbox 2299 2869 2412 2932; x_wconf 85' lang='grc' dir='ltr'>τοῦ</span> <span class='ocrx_word' id='word_1_196' title='bbox 2457 2865 2739 2932; x_wconf 86' lang='grc' dir='ltr'>θανάτου</span> 
     </span>
     <span class='ocr_line' id='line_1_23' title="bbox 326 2967 2741 3061; baseline -0.005 -19"><span class='ocrx_word' id='word_1_197' title='bbox 326 2977 442 3057; x_wconf 86' lang='grc' dir='ltr'>τὴν</span> <span class='ocrx_word' id='word_1_198' title='bbox 486 2979 684 3042; x_wconf 81' lang='grc' dir='ltr'>λύσιν</span> <span class='ocrx_word' id='word_1_199' title='bbox 730 2977 1103 3053; x_wconf 84' lang='grc' dir='ltr'>ἐποιήσατο·</span> <span class='ocrx_word' id='word_1_200' title='bbox 1172 2972 1394 3057; x_wconf 82' lang='grc' dir='ltr'>ὥσπερ</span> <span class='ocrx_word' id='word_1_201' title='bbox 1441 2971 1901 3061; x_wconf 79' lang='grc' dir='ltr'>αἰχμαλώτους</span> <span class='ocrx_word' id='word_1_202' title='bbox 1950 2971 2126 3039; x_wconf 73' lang='grc' dir='ltr'>τινὰς</span> <span class='ocrx_word' id='word_1_203' title='bbox 2165 2968 2312 3038; x_wconf 73' lang='grc' dir='ltr'>τοὺς</span> <span class='ocrx_word' id='word_1_204' title='bbox 2361 2967 2741 3054; x_wconf 73' lang='grc' dir='ltr'>ἅνθρώπους</span> 
     </span>
     <span class='ocr_line' id='line_1_24' title="bbox 326 3066 2742 3160; baseline -0.005 -17"><span class='ocrx_word' id='word_1_205' title='bbox 326 3078 437 3143; x_wconf 80' lang='grc' dir='ltr'>καὶ</span> <span class='ocrx_word' id='word_1_206' title='bbox 495 3076 626 3143; x_wconf 85' lang='grc' dir='ltr'>ὑπὸ</span> <span class='ocrx_word' id='word_1_207' title='bbox 681 3076 796 3156; x_wconf 86' lang='grc' dir='ltr'>τὴν</span> <span class='ocrx_word' id='word_1_208' title='bbox 855 3079 971 3141; x_wconf 87' lang='grc' dir='ltr'>τοῦ</span> <span class='ocrx_word' id='word_1_209' title='bbox 1025 3075 1346 3154; x_wconf 81' lang='grc' dir='ltr'>διαβόλου</span> <span class='ocrx_word' id='word_1_210' title='bbox 1405 3073 1748 3160; x_wconf 79' lang='grc' dir='ltr'>τυραννίδα</span> <span class='ocrx_word' id='word_1_211' title='bbox 1796 3070 2284 3159; x_wconf 74' lang='grc' dir='ltr'>κατεχομένους,</span> <span class='ocrx_word' id='word_1_212' title='bbox 2337 3072 2450 3150; x_wconf 73' lang='grc' dir='ltr'>τῆς</span> <span class='ocrx_word' id='word_1_213' title='bbox 2501 3066 2742 3134; x_wconf 81' lang='grc' dir='ltr'>ἐκείνου</span> 
     </span>
     <span class='ocr_line' id='line_1_25' title="bbox 326 3170 2381 3264; baseline -0.004 -18"><span class='ocrx_word' id='word_1_214' title='bbox 326 3178 871 3249; x_wconf 77' lang='grc' dir='ltr'>καταδυναστείας</span> <span class='ocrx_word' id='word_1_215' title='bbox 901 3176 1129 3247; x_wconf 74' lang='grc' dir='ltr'>αὐτοὺς</span> <span class='ocrx_word' id='word_1_216' title='bbox 1159 3176 1423 3264; x_wconf 78' lang='grc' dir='ltr'>ἀφελών</span> <span class='ocrx_word' id='word_1_217' title='bbox 1451 3175 1737 3258; x_wconf 79' lang='grc' dir='ltr'>ἀνῆλθεν</span> <span class='ocrx_word' id='word_1_218' title='bbox 1767 3175 1858 3245; x_wconf 74' lang='grc' dir='ltr'>εἷς</span> <span class='ocrx_word' id='word_1_219' title='bbox 1887 3174 2032 3243; x_wconf 72' lang='grc' dir='ltr'>τοὺς</span> <span class='ocrx_word' id='word_1_220' title='bbox 2062 3170 2381 3258; x_wconf 74' lang='grc' dir='ltr'>οὐρανούς.</span> 
     </span>
    </p>
   </div>
   <div class='ocr_carea' id='block_1_6' title="bbox 323 3362 2746 3515">
    <p class='ocr_par' dir='ltr' id='par_1_6' title="bbox 323 3362 2746 3515">
     <span class='ocr_line' id='line_1_26' title="bbox 427 3362 2746 3434; baseline -0.004 -13"><span class='ocrx_word' id='word_1_221' title='bbox 427 3388 455 3421; x_wconf 78' lang='lat'>⁴2</span> <span class='ocrx_word' id='word_1_222' title='bbox 490 3371 789 3422; x_wconf 87' lang='lat' dir='ltr'>subtraxisse</span> <span class='ocrx_word' id='word_1_223' title='bbox 817 3370 888 3421; x_wconf 72' lang='lat' dir='ltr'>C*</span> <span class='ocrx_word' id='word_1_224' title='bbox 1022 3374 1052 3421; x_wconf 88' lang='lat'>8</span> <span class='ocrx_word' id='word_1_225' title='bbox 1088 3370 1232 3419; x_wconf 88' lang='lat' dir='ltr'>bonis</span> <span class='ocrx_word' id='word_1_226' title='bbox 1258 3370 1374 3434; x_wconf 79' lang='lat' dir='ltr'>(jbr</span> <span class='ocrx_word' id='word_1_227' title='bbox 1393 3369 1555 3428; x_wconf 87' lang='lat' dir='ltr'>nobis)</span> <span class='ocrx_word' id='word_1_228' title='bbox 1582 3368 1642 3418; x_wconf 88' lang='lat' dir='ltr'><em>H</em></span> <span class='ocrx_word' id='word_1_229' title='bbox 1824 3382 1855 3432; x_wconf 92' lang='lat'><strong>9</strong></span> <span class='ocrx_word' id='word_1_230' title='bbox 1889 3366 2154 3416; x_wconf 86' lang='lat' dir='ltr'>demitiens</span> <span class='ocrx_word' id='word_1_231' title='bbox 2182 3365 2226 3413; x_wconf 91' lang='lat' dir='ltr'><em>C</em></span> <span class='ocrx_word' id='word_1_232' title='bbox 2231 3363 2258 3390; x_wconf 78' lang='lat'>⁴*</span> <span class='ocrx_word' id='word_1_233' title='bbox 2285 3364 2353 3413; x_wconf 81' lang='lat' dir='ltr'><em>H</em></span> <span class='ocrx_word' id='word_1_234' title='bbox 2518 3377 2572 3413; x_wconf 83' lang='lat'>11</span> <span class='ocrx_word' id='word_1_235' title='bbox 2610 3362 2746 3428; x_wconf 87' lang='lat' dir='ltr'>quod</span> 
     </span>
     <span class='ocr_line' id='line_1_27' title="bbox 323 3444 2537 3515; baseline -0.005 -13"><span class='ocrx_word' id='word_1_236' title='bbox 323 3460 397 3502; x_wconf 83' lang='lat' dir='ltr'>est</span> <span class='ocrx_word' id='word_1_237' title='bbox 427 3453 471 3501; x_wconf 91' lang='lat' dir='ltr'><em>C</em></span> <span class='ocrx_word' id='word_1_238' title='bbox 664 3464 738 3512; x_wconf 87' lang='lat'>15,</span> <span class='ocrx_word' id='word_1_239' title='bbox 775 3450 832 3501; x_wconf 92' lang='lat'>16</span> <span class='ocrx_word' id='word_1_240' title='bbox 868 3451 1257 3515; x_wconf 86' lang='lat' dir='ltr'>incomparabile</span> <span class='ocrx_word' id='word_1_241' title='bbox 1281 3453 1348 3499; x_wconf 89' lang='lat' dir='ltr'><em>H</em></span> <span class='ocrx_word' id='word_1_242' title='bbox 1505 3467 1564 3500; x_wconf 82' lang='lat'>22</span> <span class='ocrx_word' id='word_1_243' title='bbox 1602 3450 1681 3498; x_wconf 76' lang='grc' dir='ltr'>καὶ</span> <span class='ocrx_word' id='word_1_244' title='bbox 1705 3447 1873 3511; x_wconf 69' lang='grc' dir='ltr'>ὥσπερ</span> <span class='ocrx_word' id='word_1_245' title='bbox 1898 3448 1982 3495; x_wconf 90' lang='lat' dir='ltr'>Fr.</span> <span class='ocrx_word' id='word_1_246' title='bbox 2150 3462 2212 3508; x_wconf 74' lang='lat'>,24</span> <span class='ocrx_word' id='word_1_247' title='bbox 2248 3446 2427 3506; x_wconf 81' lang='grc' dir='ltr'>ἀνῆγεν</span> <span class='ocrx_word' id='word_1_248' title='bbox 2454 3444 2537 3492; x_wconf 88' lang='lat' dir='ltr'>Fr.</span> 
     </span>
    </p>
   </div>
   <div class='ocr_carea' id='block_1_7' title="bbox 325 3608 2755 3759">
    <p class='ocr_par' dir='ltr' id='par_1_7' title="bbox 325 3608 2755 3759">
     <span class='ocr_line' id='line_1_28' title="bbox 389 3608 2755 3682; baseline -0.005 -15"><span class='ocrx_word' id='word_1_249' title='bbox 389 3638 437 3681; x_wconf 76' lang='lat'>4.</span> <span class='ocrx_word' id='word_1_250' title='bbox 471 3619 686 3682; x_wconf 79' lang='lat' dir='ltr'>captiuos</span> <span class='ocrx_word' id='word_1_251' title='bbox 705 3619 937 3680; x_wconf 84' lang='lat' dir='ltr'>quosdam</span> <span class='ocrx_word' id='word_1_252' title='bbox 962 3618 1068 3679; x_wconf 79' lang='lat' dir='ltr'>nos]</span> <span class='ocrx_word' id='word_1_253' title='bbox 1094 3618 1170 3668; x_wconf 87' lang='lat' dir='ltr'>Cf.</span> <span class='ocrx_word' id='word_1_254' title='bbox 1194 3618 1339 3682; x_wconf 77' lang='lat' dir='ltr'>again</span> <span class='ocrx_word' id='word_1_255' title='bbox 1355 3616 1497 3667; x_wconf 88' lang='lat' dir='ltr'>Th.&#39;s</span> <span class='ocrx_word' id='word_1_256' title='bbox 1598 3617 1720 3677; x_wconf 78' lang='grc' dir='ltr'>ἀρὰν</span> <span class='ocrx_word' id='word_1_257' title='bbox 1758 3616 1835 3663; x_wconf 74' lang='grc' dir='ltr'>καὶ</span> <span class='ocrx_word' id='word_1_258' title='bbox 1880 3615 1971 3672; x_wconf 80' lang='grc' dir='ltr'>τὴν</span> <span class='ocrx_word' id='word_1_259' title='bbox 2017 3612 2272 3673; x_wconf 75' lang='grc' dir='ltr'>ἁμαρτίαν.</span> <span class='ocrx_word' id='word_1_260' title='bbox 2319 3608 2430 3671; x_wconf 73' lang='grc' dir='ltr'>ὁρᾶς</span> <span class='ocrx_word' id='word_1_261' title='bbox 2473 3609 2630 3657; x_wconf 81' lang='grc' dir='ltr'>σκῦλα</span> <span class='ocrx_word' id='word_1_262' title='bbox 2675 3608 2755 3657; x_wconf 74' lang='grc' dir='ltr'>καὶ</span> 
     </span>
     <span class='ocr_line' id='line_1_29' title="bbox 325 3689 2657 3759; baseline -0.005 -13"><span class='ocrx_word' id='word_1_263' title='bbox 325 3713 506 3747; x_wconf 89' lang='lat' dir='ltr'>comm.</span> <span class='ocrx_word' id='word_1_264' title='bbox 530 3714 595 3746; x_wconf 91' lang='lat' dir='ltr'>on</span> <span class='ocrx_word' id='word_1_265' title='bbox 622 3698 787 3746; x_wconf 84' lang='lat' dir='ltr'>Psalm</span> <span class='ocrx_word' id='word_1_266' title='bbox 811 3698 978 3746; x_wconf 84' lang='lat' dir='ltr'>lxviii:</span> <span class='ocrx_word' id='word_1_267' title='bbox 1012 3698 1349 3758; x_wconf 74' lang='grc' dir='ltr'>αἰχμαλώτους</span> <span class='ocrx_word' id='word_1_268' title='bbox 1366 3694 1491 3755; x_wconf 76' lang='grc' dir='ltr'>ἡμᾶς</span> <span class='ocrx_word' id='word_1_269' title='bbox 1596 3697 1824 3759; x_wconf 71' lang='grc' dir='ltr'>λάφυρας</span> <span class='ocrx_word' id='word_1_270' title='bbox 1876 3693 1954 3743; x_wconf 85' lang='lat' dir='ltr'>Cf.</span> <span class='ocrx_word' id='word_1_271' title='bbox 1981 3693 2169 3751; x_wconf 86' lang='lat' dir='ltr'>Suieer,</span> <span class='ocrx_word' id='word_1_272' title='bbox 2197 3707 2294 3739; x_wconf 86' lang='lat' dir='ltr'>s.v.</span> <span class='ocrx_word' id='word_1_273' title='bbox 2325 3689 2657 3750; x_wconf 79' lang='grc' dir='ltr'>αἰχμαλωσία.</span> 
     </span>
    </p>
   </div>
   <div class='ocr_carea' id='block_1_8' title="bbox 324 3767 2754 4001">
    <p class='ocr_par' dir='ltr' id='par_1_8' title="bbox 324 3767 2754 4001">
     <span class='ocr_line' id='line_1_30' title="bbox 324 3767 2754 3841; baseline -0.005 -13"><span class='ocrx_word' id='word_1_274' title='bbox 324 3779 468 3829; x_wconf 77' lang='grc' dir='ltr'>ὄντας</span> <span class='ocrx_word' id='word_1_275' title='bbox 492 3779 583 3828; x_wconf 76' lang='grc' dir='ltr'>ὑπὸ</span> <span class='ocrx_word' id='word_1_276' title='bbox 604 3781 690 3827; x_wconf 87' lang='grc' dir='ltr'>τοῦ</span> <span class='ocrx_word' id='word_1_277' title='bbox 713 3781 959 3841; x_wconf 88' lang='grc' dir='ltr'>διαβόλου,</span> <span class='ocrx_word' id='word_1_278' title='bbox 976 3780 1116 3840; x_wconf 77' lang='grc' dir='ltr'>μάχῃ</span> <span class='ocrx_word' id='word_1_279' title='bbox 1129 3776 1191 3840; x_wconf 80' lang='grc' dir='ltr'>τῇ</span> <span class='ocrx_word' id='word_1_280' title='bbox 1208 3779 1323 3839; x_wconf 78' lang='grc' dir='ltr'><strong><em>πρὸς</em></strong></span> <span class='ocrx_word' id='word_1_281' title='bbox 1340 3780 1485 3826; x_wconf 85' lang='grc' dir='ltr'>αὐτὸν</span> <span class='ocrx_word' id='word_1_282' title='bbox 1666 3790 1737 3836; x_wconf 82' lang='lat'>14.</span> <span class='ocrx_word' id='word_1_283' title='bbox 1795 3772 2425 3836; x_wconf 78' lang='lat' dir='ltr'>infm‘oresautem...super</span> <span class='ocrx_word' id='word_1_284' title='bbox 2437 3767 2754 3828; x_wconf 62' lang='lat' dir='ltr'>:manzer-01]</span> 
     </span>
     <span class='ocr_line' id='line_1_31' title="bbox 324 3854 2121 3923; baseline -0.004 -14"><span class='ocrx_word' id='word_1_285' title='bbox 324 3859 469 3909; x_wconf 78' lang='grc' dir='ltr'>αὐτὸν</span> <span class='ocrx_word' id='word_1_286' title='bbox 490 3861 701 3919; x_wconf 82' lang='grc' dir='ltr'>νικήσας,</span> <span class='ocrx_word' id='word_1_287' title='bbox 726 3861 969 3921; x_wconf 75' lang='grc' dir='ltr'>ἀφείλετο.</span> <span class='ocrx_word' id='word_1_288' title='bbox 1018 3859 1270 3923; x_wconf 84' lang='lat' dir='ltr'>Similarly</span> <span class='ocrx_word' id='word_1_289' title='bbox 1294 3860 1449 3908; x_wconf 89' lang='lat' dir='ltr'>Thdt.</span> <span class='ocrx_word' id='word_1_290' title='bbox 1469 3877 1481 3908; x_wconf 75' lang='grc' dir='ltr'>ε</span> <span class='ocrx_word' id='word_1_291' title='bbox 1594 3857 1740 3906; x_wconf 88' lang='lat' dir='ltr'>Cited</span> <span class='ocrx_word' id='word_1_292' title='bbox 1764 3857 1830 3919; x_wconf 85' lang='lat' dir='ltr'>by</span> <span class='ocrx_word' id='word_1_293' title='bbox 1855 3854 2121 3903; x_wconf 81' lang='lat' dir='ltr'>Lanfranc.</span> 
     </span>
     <span class='ocr_line' id='line_1_32' title="bbox 326 3929 2749 4001; baseline -0.004 -14"><span class='ocrx_word' id='word_1_294' title='bbox 326 3940 423 3988; x_wconf 76' lang='grc' dir='ltr'>ὑπὸ</span> <span class='ocrx_word' id='word_1_295' title='bbox 445 3942 531 3987; x_wconf 88' lang='grc' dir='ltr'>τοῦ</span> <span class='ocrx_word' id='word_1_296' title='bbox 552 3940 783 4001; x_wconf 82' lang='grc' dir='ltr'>διαβόλου</span> <span class='ocrx_word' id='word_1_297' title='bbox 802 3940 1146 4001; x_wconf 72' lang='grc' dir='ltr'>’γεγενημένους</span> <span class='ocrx_word' id='word_1_298' title='bbox 1168 3939 1487 3999; x_wconf 55' lang='lat' dir='ltr'>‹ivry-mmm·</span> <span class='ocrx_word' id='word_1_299' title='bbox 1657 3940 1815 4001; x_wconf 82' lang='lat' dir='ltr'>ipsam</span> <span class='ocrx_word' id='word_1_300' title='bbox 1838 3944 2020 3984; x_wconf 77' lang='lat' dir='ltr'>terram</span> <span class='ocrx_word' id='word_1_301' title='bbox 2046 3931 2296 3992; x_wconf 80' lang='lat' dir='ltr'>nominat]</span> <span class='ocrx_word' id='word_1_302' title='bbox 2342 3931 2516 3994; x_wconf 85' lang='lat' dir='ltr'>Chrys.</span> <span class='ocrx_word' id='word_1_303' title='bbox 2530 3965 2542 3986; x_wconf 88' lang='lat'><strong>‚</strong></span> <span class='ocrx_word' id='word_1_304' title='bbox 2560 3929 2749 3978; x_wconf 82' lang='lat' dir='ltr'>follow-</span> 
     </span>
    </p>
   </div>
   <div class='ocr_carea' id='block_1_9' title="bbox 323 4011 2755 4573">
    <p class='ocr_par' dir='ltr' id='par_1_9' title="bbox 323 4011 2755 4573">
     <span class='ocr_line' id='line_1_33' title="bbox 323 4011 2748 4084; baseline -0.005 -13"><span class='ocrx_word' id='word_1_305' title='bbox 323 4040 513 4080; x_wconf 83' lang='grc' dir='ltr'>τευσεν,</span> <span class='ocrx_word' id='word_1_306' title='bbox 539 4025 619 4070; x_wconf 81' lang='grc' dir='ltr'>καὶ</span> <span class='ocrx_word' id='word_1_307' title='bbox 642 4023 729 4081; x_wconf 80' lang='grc' dir='ltr'>τὴν</span> <span class='ocrx_word' id='word_1_308' title='bbox 752 4024 1025 4084; x_wconf 75' lang='grc' dir='ltr'>ἐλευθερίαν</span> <span class='ocrx_word' id='word_1_309' title='bbox 1049 4023 1162 4082; x_wconf 78' lang='grc' dir='ltr'>ἡμῖν</span> <span class='ocrx_word' id='word_1_310' title='bbox 1190 4023 1486 4082; x_wconf 81' lang='grc' dir='ltr'>ἐδωρήσατο.</span> <span class='ocrx_word' id='word_1_311' title='bbox 1592 4019 1656 4068; x_wconf 89' lang='lat' dir='ltr'>ed</span> <span class='ocrx_word' id='word_1_312' title='bbox 1688 4019 1755 4082; x_wconf 88' lang='lat' dir='ltr'>by</span> <span class='ocrx_word' id='word_1_313' title='bbox 1789 4017 1873 4066; x_wconf 85' lang='lat' dir='ltr'>the</span> <span class='ocrx_word' id='word_1_314' title='bbox 1909 4024 2007 4065; x_wconf 82' lang='lat' dir='ltr'>rest</span> <span class='ocrx_word' id='word_1_315' title='bbox 2043 4015 2101 4063; x_wconf 86' lang='lat' dir='ltr'>of</span> <span class='ocrx_word' id='word_1_316' title='bbox 2131 4015 2216 4064; x_wconf 85' lang='lat' dir='ltr'>the</span> <span class='ocrx_word' id='word_1_317' title='bbox 2254 4013 2419 4063; x_wconf 88' lang='lat' dir='ltr'>Greek</span> <span class='ocrx_word' id='word_1_318' title='bbox 2455 4011 2748 4076; x_wconf 82' lang='lat' dir='ltr'>expositors,</span> 
     </span>
     <span class='ocr_line' id='line_1_34' title="bbox 327 4091 2749 4167; baseline -0.005 -16"><span class='ocrx_word' id='word_1_319' title='bbox 327 4104 523 4167; x_wconf 62' lang='lat' dir='ltr'>Chrys„</span> <span class='ocrx_word' id='word_1_320' title='bbox 559 4118 626 4151; x_wconf 88' lang='lat' dir='ltr'>on</span> <span class='ocrx_word' id='word_1_321' title='bbox 661 4104 744 4152; x_wconf 85' lang='lat' dir='ltr'>the</span> <span class='ocrx_word' id='word_1_322' title='bbox 777 4103 921 4152; x_wconf 88' lang='lat' dir='ltr'>other</span> <span class='ocrx_word' id='word_1_323' title='bbox 951 4104 1105 4160; x_wconf 88' lang='lat' dir='ltr'>hand,</span> <span class='ocrx_word' id='word_1_324' title='bbox 1146 4102 1376 4151; x_wconf 86' lang='lat' dir='ltr'>followed</span> <span class='ocrx_word' id='word_1_325' title='bbox 1423 4102 1491 4164; x_wconf 86' lang='lat' dir='ltr'>by</span> <span class='ocrx_word' id='word_1_326' title='bbox 1589 4098 1920 4148; x_wconf 85' lang='lat' dir='ltr'>understands</span> <span class='ocrx_word' id='word_1_327' title='bbox 1961 4097 2070 4146; x_wconf 88' lang='lat' dir='ltr'>‘the</span> <span class='ocrx_word' id='word_1_328' title='bbox 2105 4104 2232 4144; x_wconf 83' lang='lat' dir='ltr'>state</span> <span class='ocrx_word' id='word_1_329' title='bbox 2270 4110 2326 4143; x_wconf 87' lang='lat' dir='ltr'>or</span> <span class='ocrx_word' id='word_1_330' title='bbox 2365 4094 2537 4156; x_wconf 82' lang='lat' dir='ltr'>region</span> <span class='ocrx_word' id='word_1_331' title='bbox 2576 4091 2635 4140; x_wconf 84' lang='lat' dir='ltr'>os</span> <span class='ocrx_word' id='word_1_332' title='bbox 2664 4092 2749 4141; x_wconf 87' lang='lat' dir='ltr'>the</span> 
     </span>
     <span class='ocr_line' id='line_1_35' title="bbox 328 4172 2750 4248; baseline -0.005 -15"><span class='ocrx_word' id='word_1_333' title='bbox 328 4186 535 4233; x_wconf 84' lang='lat' dir='ltr'>Photius</span> <span class='ocrx_word' id='word_1_334' title='bbox 561 4187 656 4248; x_wconf 77' lang='lat' dir='ltr'>(ap.</span> <span class='ocrx_word' id='word_1_335' title='bbox 696 4183 858 4246; x_wconf 91' lang='lat' dir='ltr'>Oec.),</span> <span class='ocrx_word' id='word_1_336' title='bbox 888 4185 1218 4233; x_wconf 88' lang='lat' dir='ltr'>understands</span> <span class='ocrx_word' id='word_1_337' title='bbox 1243 4185 1487 4243; x_wconf 74' lang='grc' dir='ltr'>αἰχμαλω-</span> <span class='ocrx_word' id='word_1_338' title='bbox 1590 4179 1773 4241; x_wconf 86' lang='lat' dir='ltr'>dead’;</span> <span class='ocrx_word' id='word_1_339' title='bbox 1806 4180 1907 4228; x_wconf 82' lang='lat' dir='ltr'>and</span> <span class='ocrx_word' id='word_1_340' title='bbox 1943 4179 2042 4227; x_wconf 86' lang='lat' dir='ltr'>this</span> <span class='ocrx_word' id='word_1_341' title='bbox 2077 4193 2177 4226; x_wconf 87' lang='lat' dir='ltr'>was</span> <span class='ocrx_word' id='word_1_342' title='bbox 2212 4177 2295 4225; x_wconf 86' lang='lat' dir='ltr'>the</span> <span class='ocrx_word' id='word_1_343' title='bbox 2331 4175 2588 4239; x_wconf 81' lang='lat' dir='ltr'>prevalent</span> <span class='ocrx_word' id='word_1_344' title='bbox 2621 4172 2750 4221; x_wconf 89' lang='lat' dir='ltr'>view</span> 
     </span>
     <span class='ocr_line' id='line_1_36' title="bbox 328 4256 2747 4329; baseline -0.006 -14"><span class='ocrx_word' id='word_1_345' title='bbox 328 4267 436 4315; x_wconf 87' lang='grc' dir='ltr'>σὶαν</span> <span class='ocrx_word' id='word_1_346' title='bbox 468 4282 522 4315; x_wconf 84' lang='lat' dir='ltr'>as</span> <span class='ocrx_word' id='word_1_347' title='bbox 560 4266 797 4329; x_wconf 85' lang='lat' dir='ltr'>referring</span> <span class='ocrx_word' id='word_1_348' title='bbox 835 4275 888 4315; x_wconf 89' lang='lat' dir='ltr'>to</span> <span class='ocrx_word' id='word_1_349' title='bbox 918 4266 1002 4314; x_wconf 88' lang='lat' dir='ltr'>the</span> <span class='ocrx_word' id='word_1_350' title='bbox 1040 4280 1234 4328; x_wconf 86' lang='lat' dir='ltr'>powers</span> <span class='ocrx_word' id='word_1_351' title='bbox 1273 4264 1331 4313; x_wconf 91' lang='lat' dir='ltr'>of</span> <span class='ocrx_word' id='word_1_352' title='bbox 1360 4264 1483 4314; x_wconf 88' lang='lat' dir='ltr'>evil:</span> <span class='ocrx_word' id='word_1_353' title='bbox 1589 4262 1717 4311; x_wconf 77' lang='lat' dir='ltr'>from</span> <span class='ocrx_word' id='word_1_354' title='bbox 1752 4260 1985 4309; x_wconf 83' lang='lat' dir='ltr'>Irenaeus</span> <span class='ocrx_word' id='word_1_355' title='bbox 2009 4256 2342 4307; x_wconf 80' lang='lat' dir='ltr'>downwards:</span> <span class='ocrx_word' id='word_1_356' title='bbox 2386 4256 2618 4314; x_wconf 84' lang='lat' dir='ltr'>Pearson,</span> <span class='ocrx_word' id='word_1_357' title='bbox 2645 4262 2747 4303; x_wconf 84' lang='lat' dir='ltr'>art.</span> 
     </span>
     <span class='ocr_line' id='line_1_37' title="bbox 326 4333 2744 4406; baseline -0.005 -11"><span class='ocrx_word' id='word_1_358' title='bbox 326 4350 405 4395; x_wconf 82' lang='grc' dir='ltr'>καὶ</span> <span class='ocrx_word' id='word_1_359' title='bbox 429 4348 575 4395; x_wconf 69' lang='grc' dir='ltr'>ποίαν</span> <span class='ocrx_word' id='word_1_360' title='bbox 597 4346 938 4406; x_wconf 78' lang='grc' dir='ltr'>αἰχμαλωσίαν</span> <span class='ocrx_word' id='word_1_361' title='bbox 961 4346 1135 4405; x_wconf 82' lang='grc' dir='ltr'>φησίν;</span> <span class='ocrx_word' id='word_1_362' title='bbox 1170 4345 1258 4403; x_wconf 77' lang='grc' dir='ltr'>τὴν</span> <span class='ocrx_word' id='word_1_363' title='bbox 1280 4345 1365 4392; x_wconf 86' lang='grc' dir='ltr'>τοῦ</span> <span class='ocrx_word' id='word_1_364' title='bbox 1388 4345 1484 4391; x_wconf 84' lang='grc' dir='ltr'>δια,-</span> <span class='ocrx_word' id='word_1_365' title='bbox 1583 4358 1634 4390; x_wconf 88' lang='lat' dir='ltr'>v.</span> <span class='ocrx_word' id='word_1_366' title='bbox 1661 4356 1709 4404; x_wconf 91' lang='lat' dir='ltr'>p.</span> <span class='ocrx_word' id='word_1_367' title='bbox 1740 4337 1852 4403; x_wconf 86' lang='lat'><strong>269,</strong></span> <span class='ocrx_word' id='word_1_368' title='bbox 1882 4345 1999 4388; x_wconf 87' lang='lat' dir='ltr'>note</span> <span class='ocrx_word' id='word_1_369' title='bbox 2011 4353 2068 4400; x_wconf 90' lang='lat' dir='ltr'>y.</span> <span class='ocrx_word' id='word_1_370' title='bbox 2141 4336 2237 4385; x_wconf 89' lang='lat' dir='ltr'>Th.</span> <span class='ocrx_word' id='word_1_371' title='bbox 2249 4333 2287 4384; x_wconf 91' lang='lat' dir='ltr'>’s</span> <span class='ocrx_word' id='word_1_372' title='bbox 2316 4335 2458 4394; x_wconf 76' lang='lat' dir='ltr'>vieW,</span> <span class='ocrx_word' id='word_1_373' title='bbox 2496 4334 2744 4391; x_wconf 85' lang='lat' dir='ltr'>however,</span> 
     </span>
     <span class='ocr_line' id='line_1_38' title="bbox 323 4415 2755 4489; baseline -0.005 -14"><span class='ocrx_word' id='word_1_374' title='bbox 323 4430 491 4489; x_wconf 81' lang='grc' dir='ltr'>βόλου·</span> <span class='ocrx_word' id='word_1_375' title='bbox 513 4428 825 4487; x_wconf 79' lang='grc' dir='ltr'>αἰχμάλωτον</span> <span class='ocrx_word' id='word_1_376' title='bbox 837 4429 936 4488; x_wconf 72' lang='grc' dir='ltr'>γὰρ</span> <span class='ocrx_word' id='word_1_377' title='bbox 948 4428 1030 4475; x_wconf 84' lang='grc' dir='ltr'>τὸν</span> <span class='ocrx_word' id='word_1_378' title='bbox 1047 4428 1274 4486; x_wconf 82' lang='grc' dir='ltr'>τύραννον</span> <span class='ocrx_word' id='word_1_379' title='bbox 1291 4425 1483 4485; x_wconf 81' lang='grc' dir='ltr'>ἔλαβεν,</span> <span class='ocrx_word' id='word_1_380' title='bbox 1585 4424 1680 4473; x_wconf 85' lang='lat' dir='ltr'>has</span> <span class='ocrx_word' id='word_1_381' title='bbox 1723 4421 1877 4471; x_wconf 84' lang='lat' dir='ltr'>found</span> <span class='ocrx_word' id='word_1_382' title='bbox 1924 4421 2096 4469; x_wconf 84' lang='lat' dir='ltr'>favour</span> <span class='ocrx_word' id='word_1_383' title='bbox 2139 4419 2262 4467; x_wconf 82' lang='lat' dir='ltr'>with</span> <span class='ocrx_word' id='word_1_384' title='bbox 2308 4418 2392 4466; x_wconf 85' lang='lat' dir='ltr'>the</span> <span class='ocrx_word' id='word_1_385' title='bbox 2432 4416 2662 4480; x_wconf 83' lang='lat' dir='ltr'>majority</span> <span class='ocrx_word' id='word_1_386' title='bbox 2697 4415 2755 4464; x_wconf 84' lang='lat' dir='ltr'>os</span> 
     </span>
     <span class='ocr_line' id='line_1_39' title="bbox 326 4497 2701 4573; baseline -0.005 -16"><span class='ocrx_word' id='word_1_387' title='bbox 326 4513 408 4559; x_wconf 86' lang='grc' dir='ltr'>τὸν</span> <span class='ocrx_word' id='word_1_388' title='bbox 431 4511 657 4573; x_wconf 84' lang='grc' dir='ltr'>διάβολον</span> <span class='ocrx_word' id='word_1_389' title='bbox 679 4510 813 4571; x_wconf 76' lang='grc' dir='ltr'>λέγω</span> <span class='ocrx_word' id='word_1_390' title='bbox 835 4511 913 4558; x_wconf 79' lang='grc' dir='ltr'>καὶ</span> <span class='ocrx_word' id='word_1_391' title='bbox 937 4509 1020 4559; x_wconf 83' lang='grc' dir='ltr'>τὸν</span> <span class='ocrx_word' id='word_1_392' title='bbox 1049 4508 1252 4555; x_wconf 79' lang='grc' dir='ltr'>θάνατον</span> <span class='ocrx_word' id='word_1_393' title='bbox 1285 4507 1363 4554; x_wconf 84' lang='grc' dir='ltr'>καὶ</span> <span class='ocrx_word' id='word_1_394' title='bbox 1400 4510 1486 4566; x_wconf 81' lang='grc' dir='ltr'>τὴν</span> <span class='ocrx_word' id='word_1_395' title='bbox 1590 4510 1757 4554; x_wconf 86' lang='lat' dir='ltr'>recent</span> <span class='ocrx_word' id='word_1_396' title='bbox 1782 4503 2128 4565; x_wconf 84' lang='lat' dir='ltr'>interpreters;</span> <span class='ocrx_word' id='word_1_397' title='bbox 2162 4500 2223 4549; x_wconf 88' lang='lat' dir='ltr'>cf.</span> <span class='ocrx_word' id='word_1_398' title='bbox 2256 4498 2475 4557; x_wconf 85' lang='lat' dir='ltr'>Ellieott‚</span> <span class='ocrx_word' id='word_1_399' title='bbox 2505 4497 2576 4546; x_wconf 86' lang='lat' dir='ltr'>ad</span> <span class='ocrx_word' id='word_1_400' title='bbox 2593 4498 2642 4546; x_wconf 77' lang='lat' dir='ltr'>h.</span> <span class='ocrx_word' id='word_1_401' title='bbox 2666 4499 2701 4546; x_wconf 90' lang='lat' dir='ltr'>l.</span> 
     </span>
    </p>
   </div>
  </div>
 </body>
</html>
