3293 5233
566 363 691 441 298
1231 373 1686 428 THEononus
1732 373 2316 427 MOPSUESTENUS
2551 343 2556 346 Α
2614 362 2769 447 [111.
2812 380 2994 445 1-3-

690 537 761 601 si
766 540 775 546 '
790 558 940 620 ergo
981 539 1473 604 consurrexzktzk
1520 539 1793 618 Christe,
1823 561 1987 624 quae
2023 559 2291 605 sursum
2328 552 2486 605 sunt
2510 540 2834 625 quaerite,·
2881 542 3001 608 ubi

561 646 659 701 est
689 636 991 705 Christus
1019 641 1091 704 in
1118 641 1379 706 dattera
1408 642 1542 706 Dei
1562 642 1799 707 sedens.

694 753 889 839 †hoc
951 769 1093 823 est:
1158 759 1584 824 ‘miserabilis
1629 771 1731 826 est
1775 762 1844 826 in
1896 762 2396 844 comparatione
2425 769 2646 827 uestra
2675 762 2788 827 illa
2819 784 2993 847 quae

563 879 722 943 erga
762 862 891 924 ista
920 872 1021 926 est
1051 862 1444 940 sollicitud0,
1477 864 1589 947 qui
1621 866 1756 928 iam
1792 863 2058 930 Christo
2089 868 2453 931 secundum
2485 868 2991 950 promissionem

499 974 531 1040 5
564 963 1086 1039 consurrexistis»,
1107 983 1275 1045 quos
1298 967 1612 1028 conuenit
1630 967 1922 1049 expletis
1943 967 2047 1030 his
2066 968 2377 1032 omnibus
2401 969 2719 1033 sollicitos
2742 991 2886 1034 esse
2905 972 2995 1035 de

563 1062 958 1127 caelestibus
999 1076 1066 1127 et
1111 1064 1292 1128 illam
1333 1087 1504 1149 quae
1551 1067 1616 1130 in
1657 1068 1857 1131 caelis
1900 1077 2003 1131 est
2044 1070 2638 1133 commorationem
2686 1068 2991 1147 imitari,*

565 1165 681 1227 ubi
725 1166 1025 1231 Christus
1078 1168 1144 1230 in
1198 1169 1480 1232 dextera
1539 1168 1669 1232 Dei
1731 1170 2014 1233 residere
2067 1170 2381 1251 dignatus
2434 1181 2535 1234 est
2562 1170 2596 1249 ;’
2649 1181 2725 1234 ut
2775 1171 2996 1234 dicat:

566 1271 919 1349 ‘magnum
965 1270 1318 1333 adsecutus
1352 1278 1455 1334 est
1490 1270 1847 1336 honorem!
1937 1281 2006 1334 et
2035 1272 2393 1354 persistens
2424 1271 2493 1333 in
2521 1271 2993 1336 exhortatione

565 1367 711 1450 ipsa
741 1370 1019 1434 adiecit:

462 1535 542 1584 10
686 1531 859 1600 'quae
880 1542 1144 1585 sursum
1171 1532 1330 1585 sunt
1351 1522 1570 1604 sapite,
1602 1544 1729 1586 non
1758 1544 1920 1606 quae
1945 1536 2138 1606 super
2164 1535 2424 1588 terram.

695 1650 765 1705 et
794 1642 1109 1724 quoniam
1141 1644 1544 1707 contrarium
1576 1644 1870 1724 quodam
1916 1664 2060 1708 esse
2092 1646 2295 1708 modo
2335 1644 2689 1709 uidebatur
2719 1644 2845 1709 illis
2875 1646 2991 1730 qui

565 1761 766 1824 super
820 1752 1063 1807 terram
1122 1745 1708 1808 commorabantur
1763 1745 1998 1823 dicere,
2051 1757 2128 1810 ut
2179 1746 2294 1811 illa
2346 1755 2654 1828 saperent
2697 1766 2868 1830 quae
2922 1747 2990 1811 in

564 1843 765 1906 caelis
794 1855 989 1909 sunt:

693 1987 941 2053 mortui
968 1987 1141 2052 enim
1185 1989 1339 2053 estis
1377 2000 1442 2053 et
1467 1990 1610 2054 uita
1650 2001 1867 2055 uestra
1904 1990 2274 2056 abscondita
2315 2000 2411 2055 est
2443 2011 2588 2054 cum
2635 1988 2888 2057 Christo
2919 1986 2994 2052 in

464 2097 533 2163 15
564 2086 717 2152 Deo,

695 2209 1034 2292 †‘mortui
1067 2213 1336 2296 (inquit)
1368 2214 1527 2277 estis
1556 2213 1888 2296 praesenti
1918 2213 2072 2301 huic
2102 2213 2281 2277 uitae
2305 2213 2339 2290 ;’
2379 2213 2508 2276 hoc
2538 2213 2716 2277 enim
2749 2218 2988 2275 natura

567 2313 940 2378 sustinebit.
997 2316 1149 2378 ‘sed
1182 2325 1250 2378 et
1279 2316 1693 2379 surrexistis!
1743 2315 1990 2378 etenim
2022 2326 2092 2380 et
2119 2315 2247 2380 hoc
2279 2317 2346 2379 in
2380 2316 2646 2381 Christo
2676 2314 2985 2378 effectum

702 2476 851 2543 ἀντὶ
908 2480 1039 2543 τοῦ·
1094 2483 1111 2511 ‘
1132 2479 1434 2544 ταπεινὸν
1478 2478 1641 2565 πρὸς
1692 2476 1859 2558 ὑμᾶς
1906 2476 2244 2564 κρινομένη
2292 2476 2333 2558 ἦ
2382 2475 2534 2564 περὶ
2576 2476 2666 2542 τὰ
2715 2476 2985 2540 τοιαῦτα

571 2580 846 2666 ’σ-πουδή,
879 2582 1020 2654 τοὺς
1048 2581 1091 2665 ἤ
1197 2584 1291 2671 τῷ
1321 2584 1597 2670 Χριστῷ
1636 2581 1806 2648 κατὰ
1835 2580 1952 2666 τὴν
1980 2579 2384 2666 ἐπαγγελίαν
2429 2575 2987 2647 ‹ramanae-mimae·

460 2709 546 2756 20
573 2684 679 2759 οὓς
725 2686 1042 2775 προσήκει
1080 2686 1283 2771 μικρὰ
1322 2685 1569 2754 τούτων
1612 2685 1920 2752 ἁπάντων
1956 2685 2409 2773 φροντίζοντας
2450 2683 2537 2749 τὰ
2578 2683 2713 2749 ἅνω
2742 2677 2988 2767 φαντά-

574 2789 794 2871 ζεσθαι
824 2789 933 2855 καὶ
960 2788 1084 2865 τὴν
1113 2789 1181 2855 ἐν
1210 2786 1508 2876 οὐρανοῖς
1539 2786 2018 2869 ἀπομιμεῖσθαι
2047 2782 2341 2853 δίαιτανῖ

701 2891 1085 2973 ’τεθνήκατε
1131 2891 1386 2979 (φησὶν)
1442 2890 1568 2973 ἤδη
1624 2893 1713 2976 τῷ
1764 2888 1893 2974 βίῳ
1939 2887 2184 2974 τούτῳ·’
2273 2890 2466 2953 τοῦτο
2510 2884 2641 2973 γὰρ
2688 2884 2729 2968 ἦ
2784 2886 2988 2972 φύσις

572 2995 838 3080 δέξεται.
926 3001 941 3028 ‘
961 2992 1143 3060 ἀλλὰ
1184 2993 1316 3082 γὰρ
1359 2993 1470 3059 καὶ
1514 2991 1846 3080 ἦγέρθητε·
1864 2993 1880 3020 ’
1940 2991 2051 3057 καὶ
2106 2989 2232 3076 ’γὰρ
2293 2989 2406 3056 καὶ
2456 2993 2648 3055 τοῦτο
2702 2988 2812 3055 ἐπὶ
2867 2991 2984 3056 τοῦ

671 3173 701 3217 4
736 3154 842 3203 istis
869 3152 939 3204 C*
964 3154 1031 3203 H
1195 3164 1223 3215 5
1261 3151 1463 3216 expleto
1484 3151 1608 3201 haec
1632 3151 1801 3199 omnia
1828 3151 1871 3199 C
1890 3151 1955 3200 H
2013 3150 2211 3214 expleta
2232 3148 2328 3199 hoc
2352 3164 2397 3198 0.
2427 3164 2460 3196 r
2619 3146 2652 3196 6
2686 3162 2990 3197 commemo·

572 3237 816 3284 rationem
845 3233 914 3283 C*
939 3235 1008 3283 H
1019 3251 1051 3283 r
1337 3244 1363 3293 7
1396 3232 1597 3281 habitus
1622 3230 1721 3293 (ast
1742 3232 1834 3292 est)
1856 3231 1962 3278 add
1984 3230 2109 3279 CH
2396 3227 2444 3287 8,
2473 3241 2505 3289 9
2539 3227 2835 3277 et—adiecit
2857 3242 2934 3274 om
2959 3242 2992 3276 r

572 3330 605 3378 9
646 3316 798 3365 adicit
828 3316 870 3365 C
1031 3330 1218 3378 11—13
1253 3321 1302 3363 et
1326 3314 1745 3378 quoniam—sunt
1766 3328 1843 3361 om
1866 3311 1928 3360 H
2076 3326 2128 3359 11
2168 3310 2469 3359 contrarium
2490 3325 2568 3357 om
2596 3309 2639 3358 C
2667 3307 2676 3371 Ι
2703 3309 2981 3373 quodam...

1653 3408 1708 3442 12
1743 3408 1850 3442 esse
1875 3392 1981 3455 (bqf
1990 3391 2194 3451 comm.)
2218 3391 2321 3438 add
2342 3389 2413 3439 C*
2443 3388 2450 3452 Ι
2481 3390 2601 3438 dicit
2626 3407 2657 3438 r

1942 3486 2001 3522 22
2028 3487 2103 3535 sq.
2140 3471 2297 3520 Coisl.
2325 3487 2418 3534 204
2442 3472 2476 3519 l.
2496 3487 2535 3520 c.

574 3397 778 3457 modum
806 3395 876 3445 C*
943 3395 1463 3460 quendam...1nodum
1486 3410 1518 3441 r
2803 3403 2860 3452 17
2895 3390 2987 3440 sed

572 3478 900 3529 resurrexistis
923 3495 955 3527 r
1154 3480 1208 3526 18
1233 3493 1305 3540 sq.
1347 3476 1499 3526 Coisl.
1522 3491 1615 3538 204
1640 3476 1676 3524 l.
1698 3491 1737 3525 c.

644 3642 686 3675 ι.
766 3627 814 3674 si
864 3641 974 3688 ergv
1025 3640 1247 3673 consurr.
1311 3625 1459 3685 Cha]
1548 3625 1591 3672 εἰ
1644 3619 1730 3672 οὖν

574 3724 742 3768 σννηγ.
781 3705 856 3765 τῷ
893 3706 985 3767 Χρ.
1052 3704 1133 3753 Cf.
1168 3721 1219 3768 p.
1247 3707 1354 3768 289,
1396 3706 1427 3755 1.
1465 3720 1539 3755 10.
1614 3705 1730 3754 The

575 3785 727 3834 Latin
748 3781 1038 3832 authorities
1060 3782 1174 3845 give
1194 3798 1307 3830 cum
1332 3782 1549 3831 Christo.

641 3882 686 3930 3.
757 3865 813 3914 in
868 3863 1229 3926 comparatione
1283 3862 1468 3923 uestra]
1577 3864 1607 3888 ‘⁴
1625 3862 1728 3911 For

574 3963 779 4012 persons
809 3945 860 3995 in
882 3961 1006 4009 your
1031 3943 1300 4008 position‚’‘
1331 3945 1364 3969 ‘⁶
1379 3960 1435 3994 as
1455 3943 1726 4008 compared

576 4029 695 4081 with
716 4044 842 4092 your
863 4024 1178 4091 privileges.''

643 4119 688 4167 5.
755 4104 956 4168 expletis·
988 4104 1068 4150 Ιιιζς
1100 4099 1346 4161 omnibus]
1413 4102 1510 4150 See
1547 4117 1629 4149 w.
1667 4101 1724 4150 11.

574 4187 687 4237 The
730 4185 995 4234 translator
1048 4182 1292 4248 probably
1335 4190 1490 4231 wrote
1542 4183 1727 4247 expleta

575 4270 687 4317 haec
705 4266 878 4317 omnia
889 4284 908 4323 ;
947 4264 1010 4315 οἱ.
1037 4282 1085 4330 p.
1116 4278 1222 4326 153,
1250 4265 1285 4313 l.
1317 4276 1389 4325 15,
1419 4271 1550 4313 note.
1614 4264 1725 4313 The

576 4350 679 4399 Gk.
726 4354 949 4412 suggests
1001 4346 1251 4410 “expleta
1287 4344 1463 4394 horum
1500 4345 1723 4393 omnium

576 4425 886 4491 diligentia.”
967 4425 1202 4475 Sollicitos
1261 4442 1351 4474 esse
1403 4425 1461 4473 de
1512 4424 1629 4471 cael.
1684 4424 1725 4472 is

1827 3621 2039 3672 another
2066 3620 2363 3683 inadequate
2387 3618 2684 3681 renderingg
2715 3618 2987 3683 φαντάζεσ-

1828 3704 1908 3751 θαι
1931 3716 2088 3749 seems
2112 3708 2165 3749 to
2188 3700 2314 3748 have
2333 3699 2461 3748 been
2482 3698 2601 3747 read
2625 3714 2679 3747 as
2702 3698 2982 3761 φροντίζειν,

1827 3799 1885 3833 or
1906 3781 2210 3832 understood
2233 3796 2289 3830 as
2311 3781 2595 3845 equivalent
2626 3787 2679 3829 to
2701 3780 2757 3829 it.

1895 3876 1937 3927 7.
2009 3864 2244 3926 dtjgnatus
2285 3862 2374 3923 est]
2468 3862 2565 3910 See
2609 3876 2691 3909 vv.
2736 3860 2792 3909 ll.
2874 3859 2989 3910 The

1826 3944 2034 4007 reading
2076 3943 2136 3992 of
2173 3943 2258 3992 the
2303 3943 2455 3992 MSS.
2507 3956 2720 4006 appears
2762 3948 2815 3990 to
2858 3940 2988 3991 have

1826 4026 2040 4077 resulted
2066 4024 2195 4075 from
2217 4025 2302 4075 the
2324 4024 2664 4075 combination
2688 4023 2744 4072 of
2774 4024 2860 4073 the
2883 4031 2986 4074 two

1824 4108 1978 4158 forms
1997 4108 2137 4171 (lagu.
2171 4114 2240 4156 est
2271 4107 2586 4167 (κατηξιώθη)
2614 4106 2713 4155 and
2738 4105 2823 4155 the
2846 4121 2986 4155 more

1824 4189 1967 4239 usual
1995 4188 2225 4252 “dignus
2246 4196 2319 4237 est
2341 4186 2592 4238 habitus.”

1891 4273 1951 4314 ut
1981 4267 2124 4321 dicat,
2156 4264 2464 4330 ‘magnacum’
2499 4265 2616 4325 δια]
2685 4264 2762 4315 Cf.
2791 4282 2840 4329 p.
2873 4266 2981 4329 138.

1802 4346 1859 4403 ,1.
1892 4361 1964 4405 12,
1994 4362 2068 4409 sq.
