3293 5233
333 394 453 458 VI.
496 395 617 479 17.]

458 590 709 644 scutum
754 581 1063 664 clypeum
1095 601 1240 646 esse
1269 582 1449 647 dicit.

1133 410 1214 459 IN
1266 411 1369 461 ΕΡ.
1416 412 1518 462 ΑΒ
1565 411 1937 464 EPHESIOS.

2627 415 2744 483 193

1541 589 1727 647 ‘nam
1760 603 1881 666 pro
1913 593 2104 647 scuto
2139 582 2404 667 (inquit)
2438 586 2525 650 sit
2557 585 2749 648 uobis

335 683 516 762 fides,
571 703 690 768 per
739 705 943 768 quam
996 684 1222 749 omnia
1274 683 1525 760 diaboli
1576 686 2114 751 machinamenta
2166 686 2360 752 facile
2407 696 2748 771 percutere

335 786 670 868 poteritis?

460 952 525 1006 et
538 944 801 1025 galeam
830 944 1187 1008 salutarem
1217 944 1489 1027 accipite.

466 1072 724 1135 ‘horum
771 1070 1032 1154 (inquit)
1080 1070 1496 1153 diligentiam
1545 1071 1959 1150 adhibente5‚
1992 1073 2326 1137 habebitis
2357 1072 2541 1136 illam
2573 1070 2746 1136 salu·
2822 1085 2852 1151 5

333 1184 471 1238 tem
516 1196 688 1257 quae
728 1185 830 1240 est
875 1196 915 1238 a
953 1174 1118 1250 Deo,
1161 1195 1333 1255 quae
1370 1184 1438 1238 et
1480 1194 1600 1256 pro
1641 1174 1837 1257 galea
1887 1178 2299 1241 communiet
2346 1197 2495 1255 uos;
2538 1176 2633 1239 ita
2674 1184 2747 1239 ut

336 1274 576 1340 uulnus
607 1298 647 1339 a
677 1276 948 1340 diabolo
979 1276 1046 1338 in
1078 1274 1240 1337 locis
1271 1276 1615 1339 uiuacibus
1649 1278 1928 1341 minime
1957 1277 2372 1361 percipiatis!

461 1437 523 1491 et
540 1427 843 1509 gladium
879 1424 1189 1507 Spiritus,
1221 1426 1339 1508 qui
1363 1436 1459 1489 est
1483 1447 1690 1491 sermo
1719 1427 1862 1493 Dei.

468 1557 615 1635 ‘pro
642 1553 868 1634 gladio
894 1551 1180 1634 Spiritus
1211 1553 1453 1616 sumite
1481 1554 1789 1635 gratiam,
1808 1573 2011 1635 quam
2037 1553 2360 1617 habentes
2391 1549 2497 1615 uel
2529 1552 2745 1615 maxi-

337 1673 445 1717 me
497 1653 819 1717 terribiles
860 1654 1041 1716 eritis
1090 1651 1570 1716 daemonibus)
1646 1652 1860 1732 †bene
1908 1664 2130 1718 autem
2177 1654 2382 1717 dixit:
2449 1651 2624 1734 quod
2656 1662 2752 1716 est
2784 1664 2862 1711 10

331 1776 538 1818 sermo
559 1754 702 1830 Dei,
735 1753 821 1817 ad
853 1756 1300 1817 ostensionem
1331 1756 1673 1837 potentiae
1704 1757 2177 1837 inoperationis
2210 1756 2516 1836 Spiritus,
2590 1773 2746 1817 nam

334 1858 515 1938 quod
567 1858 757 1920 dicit:
812 1878 1020 1919 sermo
1076 1856 1214 1932 Dei,
1257 1855 1385 1919 hoc
1428 1866 1530 1920 est
1573 1856 1728 1919 ‘Dei
1780 1857 2205 1939 inoperatio;’
2251 1858 2422 1920 sicut
2473 1865 2541 1918 et
2589 1855 2747 1919 alibi

334 1964 587 2026 dictum
610 1972 741 2025 est:
785 1962 971 2024 uerbo
992 1959 1270 2023 Domini
1294 1960 1454 2023 caeli
1463 1960 1741 2043 firmati
1765 1971 1933 2034 sunt,
1955 1960 2082 2023 hoc
2113 1969 2230 2036 est,
2265 1959 2749 2041 ‘inoperatione

336 2075 403 2130 et
435 2066 677 2129 uirtute
710 2065 838 2127 Dei
872 2064 999 2126 ista
1029 2073 1185 2127 sunt
1214 2063 1611 2127 constituta!

463 2261 676 2328 καλῶς
721 2258 795 2323 τὸ
840 2261 877 2323 ὅ
923 2260 1081 2325 &erm
1137 2263 1301 2346 ῥῆμα
1346 2264 1507 2338 θεοῨ,
1553 2260 1640 2330 εἰς
1685 2259 2116 2342 παράστασιν
2158 2258 2271 2326 τοῦ
2321 2257 2590 2325 δυνατοῦ
2633 2259 2747 2337 τῆς
2784 2274 2851 2340 15

1704 2064 1798 2127 sic
1829 2065 2033 2127 etiam
2065 2074 2134 2128 et
2166 2063 2344 2147 apud
2387 2062 2748 2145 prophetas

2476 2364 2504 2382 Α

331 2360 649 2446 ἐνεργείας
700 2365 815 2427 τοῦ
870 2361 1252 2443 πνεύματος·
1326 2366 1490 2449 ῥῆμα
1547 2363 1677 2448 γὰρ
1744 2367 1891 2439 θεοῨ
1947 2362 2127 2445 λέγει
2187 2361 2335 2427 ἀντὶ
2391 2388 2505 2427 του
2562 2358 2745 2425 ’θεοῦ

332 2462 651 2550 ἐνέργεια,’
683 2462 770 2535 ὥς
809 2464 884 2531 τὸ
929 2469 1024 2550 τῷ
1071 2467 1241 2550 λόΓῳ
1290 2465 1493 2552 κγρίογ
1537 2465 1591 2531 oi
1637 2465 1882 2552 οῖ’ραωοὶ
1931 2467 2416 2552 ἐοτερεώθκωη,
2447 2461 2590 2528 ἀντὶ
2635 2464 2749 2527 τοῦ

333 2571 349 2600 ‘
370 2568 449 2653 τῇ
498 2567 784 2654 ἐνεργείᾳ
827 2567 936 2634 καὶ
965 2570 1047 2652 τῇ
1079 2566 1344 2648 δυνάμει
1377 2572 1491 2634 τοῦ
1528 2568 1672 2635 θεοῦ
1712 2572 1920 2635 ταῦτα
1960 2565 2279 2651 συνέστη.’

429 2745 457 2778 2
492 2729 680 2779 diaboli
702 2746 779 2779 om
804 2731 870 2779 H
990 2750 1021 2792 4
1055 2731 1292 2780 salutaria
1319 2731 1363 2780 C

1514 2730 1546 2781 6
1580 2732 1771 2782 muniet
1795 2733 1862 2780 H

2397 2565 2597 2637 οὕτως
2640 2564 2749 2632 καὶ

2044 2748 2102 2782 10
2135 2730 2221 2795 qui
2250 2731 2295 2779 C
2460 2746 2516 2779 η
2552 2729 2679 2779 dixit
2706 2730 2752 2778 C

336 2823 389 2872 15
415 2826 490 2874 sq.
528 2810 682 2859 Coisl.
709 2826 804 2872 204
839 2810 871 2859 s.
922 2821 1009 2870 107
1046 2825 1078 2859 a
1111 2812 1219 2872 [Cr.
1255 2811 1324 2859 vi.
1367 2826 1425 2859 ἠ
1438 2826 1479 2872 1,
1519 2812 1603 2859 Fr.
1635 2811 1765 2875 1361.
1825 2811 2074 2885 θεόδωρος.
2146 2807 2320 2872 καλῶς,
2349 2827 2448 2859 κ.τ.
2462 2811 2512 2857 λ.

402 2963 442 2996 1.
504 2956 696 2997 scutum
739 2950 959 3012 clypeum
1006 2964 1045 2997 e.
1100 2949 1175 3010 d.]
1208 2970 1253 2990 =
1288 2945 1487 3010 θυρεὸν

328 3031 467 3091 λέγει
494 3032 583 3089 τὴν
606 3032 804 3079 ἀσπίδα.
878 3030 958 3079 Cf.
988 3031 1209 3094 Thpht.:
1245 3032 1271 3080 ὁ
1302 3033 1478 3094 θυρεός,

327 3110 482 3173 ἤγουν
533 3112 565 3171 ἠ
622 3111 781 3161 α’σπίς.
869 3113 1054 3162 Thdt.:
1123 3114 1225 3161 ἀντὶ
1284 3115 1486 3162 ἀσπίδος

331 3193 438 3250 ὑμῖν
462 3189 494 3252 ἦ
523 3191 685 3241 πίστις
705 3192 935 3254 γενέσθω.

393 3291 442 3334 4.
502 3274 697 3337 galeam
720 3273 1010 3334 salutarem]
1056 3273 1154 3323 See
1178 3290 1255 3322 vv.
1279 3273 1332 3323 ll.
1374 3272 1487 3324 The

328 3358 595 3407 translator
640 3357 863 3421 possibly
903 3365 1070 3406 wrote·
1100 3358 1374 3413 salutaris,-
1418 3373 1486 3407 on

328 3439 665 3489 salutare=rb
697 3436 947 3500 σωτήριον,
973 3455 1056 3488 see
1080 3439 1300 3497 R'onsch,
1330 3439 1481 3497 Itala,

328 3536 378 3586 p.
414 3536 535 3581 1043
568 3522 641 3569 Ν.
678 3521 731 3570 T.
770 3520 1088 3576 Tertullinus,
1114 3536 1202 3584 pp.
1230 3517 1439 3582 766—7.

396 3614 442 3664 7.
508 3603 564 3651 in
588 3602 702 3650 locis·
722 3601 1318 3663 uiuact'bus]=uitalibus.

393 3687 439 3733 8.
511 3685 606 3749 qui
646 3684 740 3745 est]
809 3685 879 3734 So
921 3685 1073 3747 Cypr.
1114 3683 1215 3747 Ep.
1253 3685 1332 3745 58.
1402 3683 1482 3733 Cs.

328 3765 359 3815 l.
394 3782 466 3824 10,
495 3781 575 3813 vv.
599 3763 652 3814 11.

399 3862 470 3896 12.
544 3846 630 3894 hoc
668 3853 749 3905 est,
790 3845 898 3893 Dei
933 3844 1223 3908 inoperatio]
1303 3845 1483 3893 Thdt.:

325 3925 625 3991 μάχαιραν
661 3928 767 3975 τοῦ
803 3928 1126 3984 πνεύματος
1160 3931 1251 3988 τὴν
1283 3926 1372 3975 τοῦ
1404 3945 1482 3975 πν.

327 4009 572 4070 ἐνέργειαν
604 4009 856 4067 κέκληκεν,
896 4007 985 4066 τήν
1023 4008 1076 4057 δὲ
1110 4009 1353 4069 ἐνέργειαν
1397 4007 1485 4056 τοῦ

329 4108 407 4139 πν.
438 4086 592 4151 ῥῆμα
615 4086 724 4136 θεοῦ
741 4088 1143 4151 προσηγόρευσεν.
1187 4089 1483 4139 Severianus

328 4172 573 4230 (Cramer,
592 4171 657 4218 vi.
682 4172 817 4231 221):
844 4170 904 4218 ὡς
924 4171 1071 4231 λόγος
1090 4171 1114 4219 ὁ
1138 4171 1232 4219 υίὸς
1253 4172 1339 4218 τοῦ
1358 4172 1482 4228 θεοῦ,

326 4250 473 4301 οὕτως
517 4253 594 4301 καὶ
638 4252 789 4313 ῥῆμα
842 4252 943 4300 τοῦ
998 4254 1130 4299 θεοῦ
1175 4251 1233 4300 τὸ
1278 4254 1476 4309 πνεῦμα.

323 4334 626 4394 μάχαιραν
657 4334 711 4381 δὲ
739 4332 845 4381 τοῦ
872 4350 962 4382 πν.
995 4334 1128 4381 εἶπεν
1159 4337 1247 4394 τὴν
1276 4351 1481 4396 τιμωρη-

323 4415 461 4472 τικὴν
499 4414 745 4475 ἐνέργειαν
779 4412 868 4461 τοῦ
900 4431 982 4460 πν.
1052 4413 1230 4478 Chrys,
1282 4430 1349 4462 on
1393 4414 1479 4464 the

323 4494 468 4542 other
532 4494 669 4544 hand
735 4495 1068 4545 under-stands
1131 4494 1165 4554 ἢ
1218 4498 1276 4545 τὸ
1335 4496 1481 4557 πρόσ·

502 4607 551 4654 S.

1587 2968 1775 3011 ταγμα,
1805 2948 1836 3009 ἢ
1862 2951 1919 2999 τὸ
1942 2951 2205 3008 κέλευσμα.

1650 3034 1776 3080 sicut
1809 3038 1854 3079 et
1884 3031 2018 3090 alibi,
2058 3031 2175 3092 &c.]
2241 3031 2321 3080 Ps.
2361 3031 2528 3079 xxxiii.
2571 3031 2744 3090 (xxxii)

1584 3112 1617 3162 6
1629 3133 1643 3174 ;
1700 3114 1881 3173 where,
1944 3113 2195 3169 however,
2257 3114 2343 3162 the
2400 3113 2569 3162 Lxx.
2615 3115 2744 3164 have

1584 3192 1657 3255 τῷ
1699 3195 1847 3256 λόγῳ,
1901 3202 1987 3244 not
2032 3192 2105 3256 τῷ
2140 3194 2333 3257 ῥήματι.
2417 3194 2562 3245 Τὴ.ἐ
2606 3213 2742 3246 com·

1585 3282 1724 3324 ment
1768 3290 1834 3323 on
1879 3274 1979 3322 this
2023 3275 2104 3323 Ps.
2156 3274 2199 3323 is
2241 3275 2466 3337 wanting
2509 3276 2620 3337 [but
2660 3293 2742 3326 see

1586 3364 1704 3405 next
1742 3355 1910 3416 note];
1968 3356 2122 3404 Thdt.
2171 3356 2311 3420 gives
2350 3357 2436 3406 the
2479 3357 2622 3406 usual
2666 3358 2741 3406 in-

1585 3435 1941 3500 terpretation:
1994 3436 2027 3494 ἡ
2065 3437 2118 3484 δὲ
2158 3438 2342 3495 ἀληθὴς
2380 3438 2611 3498 θεολογία
2654 3439 2741 3488 τὸν

1587 3518 1696 3565 θεὸν
1719 3517 1831 3576 ἡμῖν
1856 3515 2187 3565 ὑποδείκνυσιν
2208 3519 2378 3579 λόγον.

1659 3610 1732 3655 14.
1798 3594 1867 3642 sic
1887 3596 2030 3643 etiam
2054 3601 2099 3643 et
2124 3596 2264 3658 apud
2276 3595 2560 3659 prophetas]
2605 3612 2648 3646 e.
2666 3612 2736 3661 g.,

1587 3676 1719 3725 Hos.
1756 3677 1789 3724 i.
1829 3693 1868 3735 1,
1914 3677 2061 3737 λόγος
2097 3678 2254 3738 κυρίου
2287 3679 2338 3727 ὃς
2377 3679 2587 3738 ἐγενήθη
2622 3678 2742 3742 πρός

1580 3755 1747 3818 Ὠσηέ,
1791 3758 1956 3808 where
1994 3758 2090 3806 Th.
2130 3768 2438 3809 comments:
2495 3762 2645 3822 λόγον
2687 3762 2741 3811 δὲ

1583 3840 1745 3901 κυρίου
1788 3841 1877 3898 τὴν
1930 3840 2232 3902 ἐνέργειαν
2272 3838 2560 3902 ἁπανταχοῦ
2603 3844 2741 3903 λέγει

1581 3928 1674 3984 τὴν
1698 3921 1778 3983 ἐφ’
1801 3923 1896 3982 ὅτῳ
1926 3923 2105 3980 δήποτε
2133 3925 2442 3984 γιγνομένην·
2481 3924 2542 3973 ὡς
2570 3921 2627 3973 τὸ
2663 3925 2745 3987 τῷ

1584 4001 1749 4064 λόγῳ
1806 4002 2007 4063 κυρίου
2068 4004 2120 4050 οί
2176 4005 2407 4064 οὐρανοὶ
2464 4005 2738 4064 ἐστερεώ-

1586 4085 1796 4144 θησαν·
1853 4084 1929 4132 ἵνα
1972 4086 2087 4146 εἴπῃ
2125 4086 2198 4134 ὅτι
2243 4084 2307 4147 τῇ
2348 4087 2560 4148 ἐνεργείᾳ
2608 4088 2737 4135 συνέ·

1584 4184 1774 4225 στησαν
1796 4166 1884 4215 τοῦ
1906 4167 2028 4216 θεοῦ.
2098 4168 2168 4217 So
2192 4169 2356 4231 again,
2385 4185 2450 4217 on
2475 4168 2640 4217 Obad.
2677 4185 2696 4218 1
2723 4186 2736 4217 ε

1581 4244 1734 4307 λόγον
1765 4248 1863 4309 γὰρ
1902 4249 2061 4307 κυρίου
2105 4247 2193 4307 τὴν
2236 4250 2477 4310 ἐνέργειαν
2515 4246 2737 4313 ὀνομάζει

1580 4330 1669 4379 τοῦ
1713 4330 1836 4389 θεοῦ,
1878 4330 1987 4378 καθ’
2031 4329 2090 4390 ἣν
2129 4329 2194 4392 τῇ
2229 4329 2528 4391 πνευματικῇ
2569 4332 2736 4392 χάριτι

1580 4412 1668 4461 τὰς
1691 4408 2026 4475 ἀποκαλύψεις
2049 4412 2091 4460 οἶ
2115 4411 2363 4475 προφῆται
2385 4410 2481 4460 τῶν
2501 4413 2737 4470 ἐσομένων

1582 4495 1824 4556 ἐδέχοντο.

2488 4610 2558 4669 13
