3293 5233
575 381 703 445 3¹0

1229 378 1688 432 THEODORUS
1732 378 2318 432 MOPSUESTENUS

2716 366 2861 453 [IV.
2904 366 2995 431 16.

702 549 1023 616 ‘salutate
1056 548 1323 635 (inquit)
1360 545 1507 615 illos
1538 551 1652 636 qui
1686 550 1752 614 in
1786 549 2108 615 Laodicia
2137 558 2308 627 sunt,
2335 560 2404 615 et
2428 550 2818 636 Nympham
2841 568 2996 616 cum

571 658 883 721 omnibus
913 655 1066 733 suiS,
1098 656 1211 739 qui
1242 655 1309 717 in
1341 654 1546 718 domo
1577 655 1718 719 eius
1749 651 1939 718 sunt!
2028 663 2095 717 et
2125 654 2408 719 adiecit:

698 819 763 872 et
786 828 931 870 cum
960 807 1118 870 lecta
1143 805 1369 886 suerit
1392 804 1657 886 epistola
1691 804 1872 887 apud
1905 825 2031 880 uos,
2062 803 2276 886 facite
2314 815 2390 869 ut
2428 814 2494 868 et
2534 806 2606 869 in
2648 805 2999 869 Laodicen-

569 906 743 972 sium
771 907 1020 971 ecclesia
1048 907 1307 989 legatur
1320 929 1351 981 ,·
1396 916 1461 969 et
1485 926 1646 989 quae
1673 926 1753 968 ex
1778 904 2096 968 Laodicia
2123 916 2232 981 est,
2263 916 2340 969 ut
2364 916 2427 969 et
2455 928 2569 970 uos
2595 907 2840 989 legatis.

704 1053 929 1135 itaque
956 1050 1130 1115 hanc
1166 1050 1539 1135 epistolam,
1573 1059 1931 1134 postquam
1973 1051 2060 1115 ab
2107 1051 2237 1115 illis
2282 1052 2477 1115 fuerit
2523 1052 2711 1128 lecta,
2753 1052 2884 1135 leg-i
2931 1062 3000 1118 et

574 1152 639 1215 in
689 1151 1203 1215 Laodicensium
1244 1151 1523 1215 ecclesia
1569 1153 1908 1235 praecipit.
1940 1163 1954 1181 ·
1998 1153 2160 1216 dicit
2200 1164 2424 1217 autem
2457 1155 2568 1229 eis,
2600 1164 2675 1217 ut
2714 1163 2783 1217 et
2813 1152 2996 1218 illam

574 1272 746 1333 quae
782 1272 871 1316 ex
915 1250 1236 1316 Laodicia
1281 1260 1384 1315 est
1428 1252 1697 1335 legant;
1745 1273 1877 1317 non
1925 1255 2083 1337 quia
2126 1254 2214 1317 ad
2263 1252 2710 1319 Laodicenses
2755 1255 2998 1319 scribit.

915 1468 943 1504 α
978 1454 1031 1502 in
1053 1453 1121 1502 do
1146 1452 1260 1518 (sor
1282 1452 1333 1501 in
1355 1450 1528 1515 domo)
1558 1450 1629 1500 C·
1660 1448 1670 1515 Ι
1699 1450 1852 1500 adicit
1881 1451 1977 1501 Cr

575 1636 706 1685 have
749 1631 976 1690 “eius'';
1026 1632 1126 1682 and
1163 1629 1311 1680 αὐτοῦ
1339 1631 1381 1680 is
1405 1631 1490 1681 the
1528 1629 1737 1694 reading

577 1715 807 1766 followed
838 1715 907 1778 by
933 1713 1129 1777 Chrys„
1164 1712 1336 1772 Thdt.,
1371 1710 1481 1766 δια,
1515 1711 1615 1759 and
1646 1726 1734 1774 ap·

576 1797 806 1864 parently
847 1797 915 1861 by
957 1796 1056 1844 Th.
1091 1793 1296 1843 himself
1335 1793 1386 1842 in
1425 1792 1510 1842 the
1548 1807 1733 1841 comm.

578 1878 808 1941 Possibly
828 1892 995 1926 eorum
1031 1876 1074 1925 is
1107 1876 1206 1924 due
1239 1884 1292 1924 to
1322 1890 1353 1923 a
1386 1874 1592 1938 copyist,
1619 1873 1734 1922 who

576 1972 681 2006 was
702 1954 880 2005 misled
901 1954 968 2018 by
990 1953 1074 2003 the
1101 1951 1440 2015 immediately
1463 1950 1736 2015 preceding

575 2039 856 2103 etfratre55
890 2052 972 2086 see
994 2053 1075 2084 vv.
1098 2036 1154 2085 11.

641 2138 689 2181 4.
754 2133 877 2182 quae
899 2133 960 2166 ex
991 2118 1054 2165 L.
1081 2115 1170 2177 est]
1245 2114 1355 2163 The
1394 2114 1546 2178 Vulg.
1584 2114 1735 2163 inter-

575 2209 710 2266 prets
732 2199 897 2248 rather
919 2198 1039 2246 than
1057 2197 1345 2246 translates:
1380 2197 1416 2221 “
1430 2195 1586 2257 ea[m]
1605 2211 1735 2259 quae

576 2282 958 2333 Laodicensium
981 2278 1107 2329 est.”

643 2378 688 2427 7.
754 2380 856 2413 non
914 2364 1033 2426 quia
1077 2362 1149 2410 ad
1188 2361 1502 2409 Laodicenses
1541 2358 1733 2419 scribit]

576 2446 760 2495 Thdt.:
796 2444 920 2493 τινὲς
943 2440 1187 2504 ὑπέλαβον
1213 2444 1294 2489 καὶ
1325 2439 1442 2503 πρὸς
1465 2442 1733 2489 Λαοδικέας

575 2523 721 2574 αὐτόν
744 2523 1060 2585 γεγραφέναι·
1095 2519 1269 2570 αὐτίκα
1301 2523 1457 2569 τοίνυν
1480 2522 1559 2568 καὶ
1582 2537 1732 2581 προσ·

575 2609 801 2668 φέρουσιν
864 2603 1212 2662 πεπλασμένην
1267 2598 1552 2660 ἐπιστολήν·
1611 2600 1637 2650 ὀ
1683 2601 1734 2649 δὲ

575 2691 698 2738 θεῖος
736 2684 1009 2736 ἀπόστολος
1047 2682 1131 2734 οὐκ
1167 2686 1263 2746 ἔφη
1297 2689 1328 2711 “
1351 2686 1431 2733 καὶ
1464 2685 1554 2742 τὴν
1592 2681 1735 2744 πρὸς

573 2768 958 2821 Λαοδικέας·”
992 2769 1124 2816 ἀλλὰ
1155 2768 1287 2815 “καὶ
1315 2770 1404 2827 τὴν
1440 2767 1500 2814 ἐκ
1530 2765 1731 2812 Λαοδι-

573 2851 781 2903 κείας.”
844 2852 1010 2899 ἐκεῖνοι
1031 2851 1130 2912 ’γὰρ
1153 2850 1270 2909 πρὸς
1291 2849 1437 2896 αὐτὸν
1459 2847 1568 2906 περί
1589 2862 1736 2893 τινων

573 2938 814 2999 ἔγραψαν.
883 2935 1004 2982 εἰκὸς
1039 2934 1089 2981 δὲ
1121 2930 1289 2979 αὐτοὺς
1323 2928 1357 2988 ἢ
1379 2927 1441 2978 τὰ
1465 2926 1517 2976 ἐν
1539 2929 1732 2975 Κολοσ·

574 3020 682 3068 σαῖς
746 3016 978 3077 ’γενόμενα
1033 3014 1364 3068 αἰτιάσασθαι,
1424 3008 1454 3069 ἣ
1497 3009 1559 3058 τὰ
1612 3006 1735 3057 αὐτὰ

575 3100 894 3157 νενοσηκέναι·
941 3093 1012 3144 διὸ
1050 3096 1127 3142 καὶ
1151 3097 1332 3151 ταύτην
1359 3093 1492 3140 εἶπεν
1518 3092 1607 3148 τὴν
1629 3089 1733 3138 ἐπι-

576 3182 757 3238 στολὴν
782 3176 1012 3227 κάκείνοις
1034 3174 1417 3236 ἀναγνωσθῆναι.
1491 3172 1624 3221 That
1650 3173 1733 3219 the

576 3264 720 3312 letter
760 3276 861 3308 was
899 3258 1167 3307 addressed
1194 3258 1261 3319 by
1299 3256 1384 3305 the
1425 3254 1733 3303 Laodiceans

577 3352 628 3393 to
667 3344 720 3392 S.
751 3341 872 3390 Paul
903 3340 1001 3388 had
1037 3340 1162 3387 been
1200 3337 1318 3386 held
1353 3336 1421 3399 by
1457 3335 1735 3399 expositors

578 3425 753 3473 earlier
791 3421 911 3470 than
952 3421 1087 3479 Th.;
1140 3435 1221 3467 see
1261 3418 1437 3480 Chrys.
1478 3417 1548 3464 ad
1578 3416 1626 3462 Ιι.
1661 3416 1733 3462 l.:

576 3508 699 3554 τινὲς
736 3504 963 3562 λέγουσιν
999 3502 1073 3548 ὅτι
1112 3498 1216 3559 οὐχὶ
1251 3497 1340 3557 τὴν
1381 3496 1579 3544 Παύλου
1619 3493 1736 3556 πρὸς

578 3585 748 3635 αὐτοὺς
770 3582 1158 3641 ἀπεσταλμένην,
1182 3579 1306 3628 ἀλλὰ
1341 3582 1429 3638 τὴν
1451 3576 1558 3640 παρ’
1583 3576 1739 3626 αὐτῶν

578 3664 776 3725 Παύλῳ.
844 3660 899 3710 οὐ
931 3662 1033 3723 ’γὰρ
1070 3661 1202 3707 εἶπεν
1241 3658 1379 3718 “τὴν
1412 3659 1527 3722 πρὸς
1561 3659 1733 3706 Λαοδι-

579 3743 742 3803 κέας,”
774 3741 903 3791 α’λλὰ
939 3737 1073 3799 “viv
1105 3741 1157 3787 ἐκ
1186 3739 1509 3789 Λαοδικείας”
1545 3740 1734 3802 (φησὶν)

577 3819 968 3886 γραφεῖσαν-(α
992 3834 1197 3882 passage
1221 3818 1351 3865 cited
1376 3818 1736 3880 anonymously

578 3907 628 3956 in
676 3901 923 3954 Cramer's
970 3901 1159 3948 Catena
1214 3898 1300 3959 [vi.
1342 3899 1471 3962 339],
1515 3899 1611 3945 and
1648 3914 1734 3961 ap-

578 3985 784 4049 pearing
821 3984 926 4030 also
969 3981 1020 4028 in
1065 3980 1207 4035 Oec.‚
1253 3978 1415 4042 partly
1453 3978 1610 4026 under
1650 3979 1734 4026 the

578 4079 725 4111 name
768 4059 827 4108 os
866 4056 1107 4116 Photius).
1187 4057 1297 4104 The
1343 4056 1548 4119 opinion
1589 4072 1644 4102 as
1681 4062 1734 4103 to

579 4146 664 4194 the
700 4143 983 4192 Laodicean
1024 4140 1184 4203 origin
1225 4138 1280 4187 of
1322 4138 1406 4186 the
1462 4137 1657 4199 Epistle
1694 4138 1734 4185 is

577 4228 609 4251 ‘⁴
628 4224 881 4287 distinctly
904 4221 1165 4284 expressed
1196 4219 1244 4267 in
1270 4219 1354 4266 the
1389 4218 1652 4281 rendering
1685 4218 1742 4266 of

578 4327 662 4377 the
695 4320 939 4373 Peshito''
982 4297 1466 4399 (δῦὸὶὲὸἱκθ
1544 4304 1734 4372 ...ωο

583 4406 963 4520 (ma-S
1077 4433 1379 4525 ΓΞ-εῇ
1455 4432 1730 4498 Lightsoot,

2233 1450 2265 1501 6
2299 1451 2560 1502 ecclesiam
2590 1450 2660 1501 C*

1841 1629 2128 1686 Colossinus,
2174 1644 2225 1693 p.
2258 1643 2368 1692 340,
2396 1645 2473 1693 sq.

1906 1709 2048 1759 With
2106 1710 2284 1774 regard
2329 1718 2383 1759 to
2428 1709 2513 1759 the
2557 1709 2809 1760 existence
2861 1708 2917 1759 of
2966 1725 2999 1760 a

1834 1790 2007 1855 forged
2056 1792 2153 1855 Ep.
2199 1799 2253 1840 to
2308 1791 2394 1841 the
2451 1791 2762 1841 Laodicems
2814 1800 2867 1841 at
2910 1791 3000 1841 the

1836 1874 2012 1938 period
2037 1875 2182 1924 when
2206 1875 2472 1924 Theodore
2495 1882 2669 1932 wrote,
2693 1872 2755 1924 cs.
2783 1874 2997 1923 Hieron.

1835 1954 1894 2002 de
1933 1954 2061 2002 virr.
2098 1954 2285 2002 illustr.
2322 1968 2383 2016 5:
2431 1954 2652 2018 “legunt
2695 1956 2900 2018 quidam
2945 1964 2997 2005 et

1835 2034 1902 2082 ad
1936 2033 2285 2092 IAodicense5,
2324 2034 2413 2083 sed
2450 2034 2516 2083 ab
2551 2034 2785 2084 omnibus
2823 2035 2996 2098 explo-

1835 2114 2021 2165 ditur.''
2120 2116 2198 2165 Dr
2237 2117 2415 2180 Jacobi
2469 2116 2700 2180 (prooem.
2758 2117 2829 2166 ad
2879 2116 2996 2167 Col.

1837 2197 2047 2255 ii.-iv.)
2084 2198 2336 2247 remarks:
2382 2198 2730 2246 “Theodorus
2764 2198 2863 2246 fere
2896 2198 2997 2262 pri·

1834 2293 1946 2326 mus
1976 2277 2315 2327 testimonium
2346 2277 2440 2327 sert
2473 2278 2538 2327 de
2569 2279 2839 2327 subornata
2871 2278 2996 2328 eius·

1835 2355 1951 2403 dem
1974 2355 2105 2404 tituli
2130 2353 2394 2420 epistola.'’

1900 2436 2011 2485 The
2035 2436 2318 2500 paragraph
2351 2436 3001 2502 apostolus—inferebantur

1833 2514 1924 2564 has
1947 2516 2073 2565 been
2098 2517 2276 2580 copied
2307 2516 2377 2579 by
2399 2517 2661 2577 lanfranc,
2689 2518 2856 2567 whose
2879 2533 2996 2567 own

1834 2605 2087 2646 comment
2140 2597 2215 2646 is:
2300 2596 2425 2646 “de
2498 2598 2994 2653 dubitationibus

1833 2679 1958 2727 suis
2007 2680 2343 2727 Laodicenses
2375 2679 2636 2743 epistolam
2670 2682 2733 2730 ad
2773 2683 2994 2747 Aposto-

1834 2759 1937 2808 lum
1972 2759 2290 2822 scripserunt,
2324 2776 2475 2824 quam
2509 2762 2783 2824 Apostolus
2817 2764 2994 2813 Colos-

1833 2840 1900 2888 sis
1945 2839 2043 2903 legi
2088 2839 2348 2903 praecipit,
2397 2846 2451 2888 ut
2494 2855 2665 2889 eorum
2716 2842 2994 2892 Laodicen-

1834 2920 1961 2968 sium
2006 2936 2139 2968 nunc
2185 2920 2291 2967 uisa
2327 2919 2637 2971 dubitatione
2674 2922 2830 2970 sciant
2869 2924 2994 2987 quid

1835 3001 2357 3065 respondeant...haec
2401 3002 2443 3050 si
2495 3011 2623 3051 esset
2667 3004 2881 3067 apostoli
2926 3005 2994 3055 ad

1837 3085 2185 3141 Laodicenses,
2207 3083 2391 3131 diceret
2416 3098 2516 3131 non
2545 3085 2558 3109 ‘
2575 3083 2962 3135 Laodicensium
2979 3084 2993 3106 ’

1833 3165 2011 3226 [=·rr)v
2035 3163 2089 3212 ἐκ
2112 3162 2295 3225 Λ.]”...
2342 3164 2534 3213 Robert
2555 3166 2615 3213 of
2633 3166 2690 3214 Β.
2715 3166 2804 3215 has
2826 3167 2995 3216 mixed

1834 3263 1902 3310 up
1929 3244 2216 3295 Lanfranc’s
2241 3246 2461 3294 remarks
2483 3246 2605 3294 with
2628 3246 2783 3301 Th.’s‚
2808 3249 2999 3315 adding

1835 3344 1899 3377 an
1922 3327 2150 3391 example
2174 3326 2231 3376 os
2248 3328 2333 3376 the
2360 3327 2641 3376 Laodicean
2661 3329 2995 3389 dubitationes,

1834 3410 1934 3457 and
1974 3409 2227 3472 assigning
2262 3409 2347 3457 the
2387 3408 2551 3457 whole
2581 3408 2638 3457 os
2669 3410 2766 3458 this
2798 3411 2998 3475 medley

1834 3498 1886 3540 to
1923 3492 2205 3539 Ambrose:
2258 3492 2426 3537 “Am.
2458 3506 2560 3539 non
2600 3500 2673 3540 est
2709 3492 2779 3541 ita
2814 3493 2996 3557 accipi-

1833 3575 2017 3623 endum
2057 3574 2190 3636 quod
2233 3573 2283 3621 b.
2325 3572 2507 3620 Paulus
2538 3589 2774 3638 umquam
2813 3575 2995 3625 Laodi-

1833 3657 2060 3705 censibus
2099 3656 2312 3704 misisset
2355 3655 2654 3718 epistolam;
2714 3657 2831 3721 quia
2875 3666 2996 3710 tunc

1833 3740 1977 3800 [non]
2013 3739 2199 3787 diceret
2241 3738 2536 3801 ‘epistolam
2579 3739 2999 3800 haodicensium,'

1834 3823 1921 3870 sed
1967 3821 2132 3885 potius
2184 3824 2340 3883 ‘quae
2385 3830 2458 3868 est
2505 3821 2567 3868 ad
2625 3821 2998 3872 Laodicenses.'

1833 3902 2042 3965 epistola
2076 3902 2207 3949 enim
2244 3902 2485 3949 mittentis
2517 3909 2605 3960 est,
2641 3918 2743 3950 non
2777 3905 2881 3952 eius
2913 3907 2995 3954 cui

1833 3985 2059 4033 mittitur.
2133 3984 2219 4031 sed
2267 3984 2599 4033 Laodicenses
2638 3985 2870 4047 apostolo
2903 3987 2996 4035 mi-

1833 4076 1997 4115 serant
2048 4066 2309 4129 epistolam
2382 4066 2549 4129 aliqua
2616 4066 2999 4129 reprehensione

1836 4147 1989 4207 digna
2027 4146 2381 4202 continentem,
2433 4148 2880 4208 interrogantes
2924 4147 2997 4197 de

1837 4228 2278 4279 resurrectione
2317 4234 2680 4275 mortuorum
2715 4234 2763 4275 et
2789 4227 2851 4276 de
2873 4243 2997 4289 non-

1836 4309 1985 4356 nullis
2009 4310 2118 4357 aliis
2141 4308 2531 4372 quaestionibus.
2577 4308 2707 4356 hanc
2733 4309 2998 4372 epistolam

1833 4398 1887 4437 ut
1913 4390 2233 4439 Colossenses
2267 4389 2430 4452 legant
2467 4390 2690 4436 hortatur
2720 4389 2992 4451 apostolus,

1834 4482 1887 4520 ut
1924 4472 2124 4537 uideant
2155 4471 2565 4534 interrogationes
2597 4471 2795 4520 illorum
2835 4479 2884 4520 et
2926 4489 2999 4522 re·
