3293 5233
363 408 412 473 1.
447 411 657 493 3—5.]
1073 425 1155 474 m
1206 425 1308 475 ΕΡ.
1356 426 1458 475 AD
1505 424 2046 478 PH1L1PPENsEs.
2642 425 2759 473 201

355 599 683 671 poterant,
729 601 797 655 et
845 603 1002 657 ante
1052 594 1220 657 alios
1267 596 1521 678 seipsos
1567 595 1850 659 formam
1903 595 2137 661 ceteris
2188 594 2504 678 praebere
2555 594 2623 656 in
2666 592 2769 655 his

357 711 528 772 quae
573 694 1060 757 conueniebant
1106 695 1213 758 uel
1257 697 1366 778 agi
1414 695 1816 802 depebant!

474 852 742 934 gratias
790 875 913 936 ago
959 853 1097 916 Deo
1145 876 1277 918 meo
1321 866 1514 936 super
1561 856 1744 920 omni
1783 856 2096 920 memoria
2151 863 2371 918 uestra
2411 861 2657 933 semper
2700 850 2770 915 in

353 952 540 1015 omni
590 954 876 1017 oratione
918 976 1059 1018 mea
1097 966 1223 1036 pro
1262 957 1558 1020 omnibus
1608 958 1803 1034 uobis,
1843 979 1986 1020 cum
2023 955 2273 1040 gaudio
2316 965 2377 1018 et
2418 952 2772 1015 orationem

356 1074 563 1116 meam
588 1055 863 1135 faciens,
898 1056 968 1118 in
997 1059 1499 1122 communionem
1536 1071 1822 1123 uestram
1861 1060 1932 1122 in
1971 1057 2301 1141 euangelio
2335 1077 2378 1119 a
2402 1056 2632 1137 prima
2668 1052 2772 1116 die
2844 1065 2874 1132 5

290 1234 293 1237 y
356 1175 552 1236 usque
595 1178 776 1222 nunc.

486 1294 864 1376 frequenter
902 1295 1174 1377 quidem
1219 1319 1259 1359 a
1301 1298 1667 1379 gratiarum
1703 1298 1964 1361 actione
2005 1297 2236 1379 incipit
2276 1296 2599 1372 scribere;
2643 1293 2770 1357 hoc

356 1418 513 1460 uero
560 1398 625 1459 in
677 1397 822 1461 loco
876 1397 1140 1460 uidetur
1192 1400 1395 1462 etiam
1446 1400 1738 1481 aliquam
1788 1400 1913 1463 illis
1958 1400 2293 1463 adtestare
2340 1399 2668 1475 uirtutem,
2714 1399 2768 1461 si

354 1508 582 1562 tamen
646 1520 778 1562 non
838 1500 1054 1562 solum
1116 1521 1235 1582 pro
1296 1501 1423 1564 illis
1482 1503 1733 1583 gratias
1785 1524 1857 1565 se
1916 1523 2113 1585 agere
2172 1522 2436 1585 semper
2493 1501 2772 1565 edicitur

352 1613 543 1683 super
569 1602 748 1664 omni
779 1602 1115 1684 [memoria
1145 1603 1407 1667 illorum
1441 1605 1511 1667 in
1543 1605 1747 1687 omni]
1779 1608 2081 1681 oratione,
2113 1608 2227 1670 sed
2262 1616 2329 1670 et
2358 1627 2501 1669 cum
2521 1607 2770 1688 gaudio
2806 1614 2883 1660 10

358 1728 478 1789 pro
532 1705 658 1768 illis
709 1705 864 1768 facit
912 1705 1298 1783 orationem,
1344 1708 1844 1771 communionem
1897 1730 2124 1772 eorum
2185 1709 2257 1772 in
2313 1709 2640 1791 euangelio
2696 1730 2775 1772 ex

339 1809 570 1892 prima
605 1809 710 1871 die
745 1829 938 1889 usque
978 1830 1148 1870 nunc
1182 1809 1539 1873 demirans.
1633 1831 1786 1873 nam
1829 1811 2009 1892 quod
2051 1813 2340 1892 gaudere
2381 1833 2452 1874 se
2490 1832 2610 1892 pro
2642 1811 2769 1874 illis

359 1911 424 1971 in
455 1910 864 1972 orationibus
895 1909 1114 1987 edicit,
1148 1909 1461 1974 indicium
1494 1932 1723 1974 eorum
1766 1912 2027 1974 uirtutis
2069 1912 2314 1975 habere
2355 1912 2655 1987 uidetur;
2701 1921 2771 1976 et

355 2007 534 2091 quod
567 2012 856 2091 aprima
890 2012 996 2076 die
1028 2033 1223 2094 usque
1262 2033 1430 2075 nunc
1466 2013 1664 2091 dixit,
1699 2012 2206 2076 inmobilitatem
2250 2033 2476 2075 eorum
2519 2013 2768 2075 indicat

353 2114 910 2195 probatissimam,
933 2137 1013 2178 eo
1044 2114 1221 2198 quod
1256 2135 1618 2198 numquam
1652 2117 2165 2180 mutabilitatem
2190 2115 2479 2199 aliquam
2506 2116 2765 2180 fuerunt
2804 2126 2871 2192 15

352 2215 663 2295 perpessi.
754 2225 822 2279 et
858 2219 1172 2299 quoniam
1213 2219 1548 2281 incautum
1588 2239 1731 2281 esse
1768 2220 2117 2282 uidebatur
2144 2218 2433 2301 gaudere
2472 2238 2594 2300 pro
2625 2238 2766 2280 otn-

350 2321 560 2397 nibuS‚
593 2342 875 2402 quorum
907 2323 1127 2384 exitus
1159 2332 1298 2384 erat
1332 2323 1633 2398 incertuS‚
1668 2323 1939 2386 adiecit:

352 2557 599 2646 ἑτέρους
651 2558 931 2645 ὤφειλον
980 2558 1309 2628 διδάσκειν
1355 2560 1465 2627 καὶ
1504 2559 1634 2647 πρὸ
1684 2563 1813 2628 τῶν
1857 2562 2112 2627 λοιπῶν
2152 2557 2335 2627 αὐτοὶ
2373 2561 2655 2641 μετιέναι
2689 2559 2790 2636 τὸ,

350 2662 506 2731 δέον.

474 2855 493 2887 1
533 2837 643 2887 aliis
664 2839 731 2886 H
749 2836 757 2903 Ι
788 2838 961 2902 seipsis
985 2839 1017 2887 f.
1042 2845 1232 2888 ceteros
1261 2840 1304 2887 C
1325 2838 1433 2888 IIr
1585 2856 1613 2903 3
1649 2839 1785 2888 omni
1809 2855 1884 2887 om
1910 2837 2003 2887 H*
2158 2841 2187 2887 8
2221 2839 2442 2888 attestari
2467 2854 2499 2888 r
2644 2855 2675 2905 9
2707 2857 2762 2890 se

347 2919 531 2981 gratias
554 2919 621 2966 H
676 2935 729 2968 se
750 2935 827 2968 om
852 2936 883 2967 r
909 2918 915 2981 Ι
947 2920 1157 2968 edicitur
1186 2921 1227 2967 C
1250 2920 1336 2968 H:
1369 2927 1448 2968 αἱ
1471 2936 1505 2967 r
1762 2936 1821 2969 10
1855 2935 2001 2968 mem.
2031 2918 2102 2966 ill.
2127 2919 2180 2967 in
2203 2920 2341 2968 omni
2361 2936 2440 2967 om
2467 2921 2598 2969 CHr
2625 2919 2633 2985 Ι
2660 2922 2760 2970 iam

350 3000 469 3061 (sor
502 3000 634 3060 curn)
674 3014 705 3045 r
990 3015 1041 3048 11
1082 3007 1203 3048 orat.
1244 3016 1559 3048 communem
1599 3001 1645 3049 C
1673 3016 1706 3048 r
1778 3014 2096 3049 communem
2130 3008 2256 3048 orat.
2291 3000 2359 3047 H
2379 2998 2387 3064 Ι
2415 3015 2585 3048 eorum
2617 3016 2695 3049 om
2730 3018 2763 3050 r

356 3082 409 3141 ¹7
445 3078 596 3127 adicit
635 3079 678 3127 C
707 3094 740 3126 r
971 3079 1027 3127 18
1062 3075 1230 3128 αὐτούς
1252 3079 1362 3128 cod.
1393 3080 1503 3139 Cr.;
1538 3088 1611 3129 txt
1639 3081 1723 3129 Fr.

346 3280 486 3329 says:
528 3266 771 3314 “Graeca
803 3264 1085 3314 desiderant
1118 3265 1243 3314 nihil
1281 3266 1375 3314 nisi
1417 3267 1508 3329 qui
1603 3263 1832 3330 Ziegler).
1896 3265 2022 3315 Cum
2040 3265 2227 3329 gaudio
2247 3271 2292 3314 el
2309 3265 2576 3314 orationem
2602 3281 2756 3314 meam

345 3354 466 3395 sunt
485 3346 763 3395 Phia-cum
787 3346 889 3395 illic
920 3354 986 3409 ep.
1027 3354 1072 3396 et
1102 3347 1223 3396 diac.
1236 3345 1263 3369 ”
1332 3349 1429 3397 But
1463 3348 1501 3395 it
1586 3349 1786 3412 faciens
1807 3364 1965 3397 seems
1988 3356 2040 3396 to
2062 3356 2314 3411 represent
2349 3349 2434 3396 the
2466 3349 2674 3412 reading
2705 3350 2765 3398 of

347 3428 388 3475 is
411 3426 547 3490 quite
570 3424 693 3474 after
718 3425 802 3475 the
825 3441 1032 3474 manner
1053 3426 1110 3475 of
1126 3442 1215 3474 our
1239 3428 1502 3476 translator
1601 3432 1657 3480 F
1674 3433 1720 3480 G
1740 3432 1885 3492 (μετὰ
1907 3427 2063 3490 χαρᾶς
2087 3431 2179 3478 καὶ
2202 3431 2292 3487 τὴν
2314 3431 2356 3477 δ.
2381 3428 2477 3490 π).

347 3520 400 3560 to
431 3511 608 3560 render
638 3509 757 3558 such
791 3525 822 3557 a
855 3508 1033 3572 phrase
1068 3525 1122 3558 as
1157 3509 1200 3557 οἱ
1234 3506 1401 3557 αὐτόθι
1435 3509 1501 3572 by
1672 3520 1716 3572 7.
1782 3511 2071 3574 frequenter
2088 3510 2281 3574 quidem
2305 3526 2336 3557 α
2353 3517 2487 3573 grat.
2515 3508 2638 3573 act.]
2675 3511 2754 3559 Cf.

345 3594 428 3642 illi
444 3592 535 3656 qui
554 3593 655 3640 illic
677 3596 809 3639 sunt.
1600 3606 1652 3654 p.
1686 3606 1793 3650 120,
1822 3591 1855 3639 1.
1886 3611 1931 3653 4,
1959 3596 2092 3638 note.

416 3689 456 3722 1.
533 3673 705 3735 seipsos
744 3671 797 3733 f.
856 3670 1022 3718 celeris
1071 3667 1313 3732 praebere]
1404 3669 1499 3717 See
1669 3674 1714 3721 8.
1795 3670 2048 3732 adtestare]
2118 3671 2187 3720 So
2210 3671 2334 3719 both
2358 3687 2448 3720 our
2473 3671 2528 3718 M
2535 3671 2650 3729 SS.;
2686 3671 2749 3720 cf.

342 3771 424 3803 vv.
450 3754 503 3804 ll.
591 3755 701 3803 The
724 3754 999 3802 correction
1024 3752 1123 3800 had
1146 3752 1349 3814 already
1373 3752 1500 3800 been
1601 3766 1654 3813 p.
1681 3765 1757 3814 59,
1788 3749 1818 3799 l.
1851 3765 1928 3809 21,
1958 3759 2091 3799 note.
2153 3750 2215 3799 Si
2235 3757 2399 3799 tamen
2414 3765 2432 3798 .·
2464 3746 2528 3799 c'f.
2556 3766 2607 3813 p.
2642 3764 2748 3812 172,

343 3837 606 3899 suggested
628 3836 696 3899 by
721 3837 798 3883 Dr
816 3834 1008 3899 Jacobi.
1599 3830 1631 3879 1.
1670 3846 1744 3893 13,
1773 3836 1909 3879 note.

410 3931 455 3978 3.
521 3922 667 3978 super
696 3915 837 3964 omni
871 3930 1009 3962 mem.
1040 3914 1325 3962 uestra...in
1359 3913 1501 3962 omni
1659 3927 1734 3960 10.
1755 3920 1903 3975 super
1913 3912 2064 3973 omni,
2081 3912 2196 3972 δια]
2217 3911 2354 3960 Both
2371 3912 2525 3960 MSS.
2547 3913 2661 3975 give
2674 3929 2751 3961 su·

342 4013 413 4045 or.
444 3996 568 4057 mea]
636 3996 809 4059 Vulg.:
852 3996 954 4043 “in
988 3995 1125 4042 omni
1158 4011 1307 4043 mem.
1346 3994 1495 4043 uestri
1587 4000 1684 4057 per
1701 3994 1843 4042 omni
1856 3994 2085 4049 oratione,
2112 3994 2208 4041 and
2235 4010 2291 4041 so
2317 3994 2446 4042 Rab.
2483 3994 2560 4041 Dr
2574 3995 2752 4057 Jacobi

349 4080 459 4128 ...in
487 4078 677 4128 cunctis
710 4076 1017 4126 orationibus
1052 4075 1227 4123 meis.’'
1296 4076 1378 4124 On
1413 4076 1496 4125 the
1599 4075 1798 4138 regards
1820 4082 1966 4138 super
1984 4092 2038 4123 as
2061 4091 2091 4123 a
2113 4075 2292 4138 simple
2315 4090 2449 4122 error
2464 4075 2540 4123 sor
2556 4077 2628 4134 in,
2651 4079 2752 4126 and

342 4160 484 4208 other
505 4158 656 4217 hand,
689 4157 764 4205 for
788 4158 844 4205 in
867 4155 1254 4203 communionem
1282 4161 1494 4203 uestram
1598 4167 1810 4206 corrects
1835 4157 2169 4221 accordingly.
2217 4159 2415 4220 Semper
2433 4158 2488 4205 in
2511 4157 2602 4206 has
2625 4160 2752 4208 been

342 4239 426 4287 the
463 4238 612 4300 Vulg.
665 4238 755 4285 has
807 4236 1002 4298 “super
1047 4234 1495 4282 communicatione
1596 4239 1859 4301 suggested
1894 4238 1961 4300 by
1992 4253 2022 4285 a
2054 4237 2230 4285 friend.
2301 4237 2323 4283 1
2359 4237 2520 4299 prefer
2549 4245 2601 4285 to
2633 4238 2749 4287 seek

340 4320 556 4369 uestra.”
644 4317 1000 4367 Communione
1043 4316 1083 4364 is
1130 4316 1282 4363 found
1320 4315 1373 4363 in
1409 4315 1494 4363 the
1595 4318 1681 4367 the
1720 4317 1934 4365 solution
1979 4317 2030 4364 in
2072 4317 2155 4364 the
2201 4332 2433 4366 common
2468 4334 2666 4381 process
2700 4319 2758 4369 of

340 4402 553 4451 editions
586 4401 641 4449 of
671 4401 788 4463 Aug
811 4436 823 4459 ,
853 4399 943 4446 but
978 4397 1055 4445 his
1091 4397 1243 4445 MSS.
1273 4412 1355 4444 are
1386 4396 1495 4445 said
1595 4397 1833 4446 omission
1856 4397 1922 4460 by
1943 4396 2350 4446 homoeoteleuton.

341 4494 391 4534 to
449 4491 653 4547 support
720 4479 1160 4531 communicatione
1223 4478 1489 4538 (Sabatier‚
