3293 5233
456 2157 525 2223 15

560 384 691 465 246

1222 393 1678 449 Tnsonoaus
1723 391 2345 449 morsus-swanus-
2399 349 2403 354 ’

2734 380 2885 469 [IV.
2919 403 2978 467 3.

559 580 628 635 et
689 570 776 634 ad
839 565 1019 634 illam
1071 570 1355 635 scribere
1405 568 1528 654 [et]
1579 585 1868 654 rogasse,
1915 572 2108 654 quasi
2172 571 2496 655 Philippis
2553 585 2979 636 commoran-

558 681 737 751 tem3
804 685 1019 754 neque
1064 673 1150 736 ad
1198 673 1360 736 illud
1412 667 1856 755 inspicientes,
1904 669 2288 756 quoniam†
2333 669 2510 739 dixit
2551 668 2864 756 affectiose
2907 685 2980 740 et

560 792 695 836 non
744 772 1154 850 ‘affectiosa,’
1202 774 1383 856 quod
1430 776 1572 838 uiro
1616 775 1889 857 quidem
1931 776 2145 857 aptari
2184 784 2427 857 potest,
2460 776 2714 839 mulieri
2745 786 2976 841 autern

560 893 1001 958 nequaquam.

1109 893 1278 958 quos
1325 878 1767 941 conueniebat
1819 878 2021 941 etiarn
2077 871 2238 941 illud
2293 880 2602 960 cogitare,
2655 880 2975 961 quoniam

451 1035 455 1040 .
495 984 527 1051 5
560 979 575 1007 ‘
595 976 1037 1059 coniugalem'
1069 978 1297 1041 diuina
1321 979 1645 1061 scriptura
1667 979 1849 1042 nullo
1875 976 1939 1043 in
1966 979 2114 1043 loco
2138 979 2323 1043 illum
2345 982 2461 1063 qui
2494 982 2743 1063 nuptiis
2767 982 2979 1044 socia-

559 1089 667 1144 tus
698 1091 799 1145 est
830 1081 1008 1158 dicit,
1041 1083 1158 1145 sed
1192 1080 1379 1145 illurn
1410 1083 1522 1165 qui
1555 1083 1680 1146 sub
1711 1085 1947 1147 eadem
1973 1082 2104 1147 fide
2136 1081 2305 1148 est*
2367 1100 2523 1147 nam
2548 1094 2618 1148 et
2640 1085 2978 1148 Dominus

558 1186 789 1269 iugum
848 1186 1047 1251 uocat
1099 1185 1280 1250 illam
1341 1188 1916 1251 conuersationem
1969 1207 2141 1271 quae
2201 1187 2326 1250 sub
2373 1187 2521 1271 lege
2571 1196 2715 1266 est;
2777 1185 2982 1253 tollite

562 1288 828 1373 (inquit)
878 1288 1106 1372 iugum
1151 1307 1378 1366 meum,
1425 1290 1730 1372 quoniam
1771 1309 1973 1354 suane
2014 1300 2122 1355 est.
2211 1291 2476 1353 uidetur
2517 1297 2681 1372 ergo'
2726 1290 2812 1354 ad
2858 1287 2978 1355 ali-

558 1412 759 1474 quem
792 1393 1073 1456 scribere
1104 1391 1345 1456 affectu
1378 1403 1445 1456 et
1487 1391 1618 1456 fide
1661 1387 1788 1455 illis
1835 1394 2277 1469 coniunctum,
2319 1407 2519 1475 quem
2563 1402 2633 1455 et
2677 1393 2982 1456 hortatur

454 1512 535 1563 10
558 1504 635 1560 ut
680 1495 767 1559 ad
812 1495 1233 1559 concordiam
1281 1513 1391 1558 eas
1438 1515 1559 1557 suo
1605 1498 1879 1560 reducat
1920 1498 2142 1559 studio
2176 1495 2287 1579 (de
2318 1515 2452 1578 qua
2481 1513 2646 1578 pace
2675 1497 2981 1579 disputat

559 1596 726 1673 illis),
777 1606 846 1661 et
893 1595 1169 1661 consilia
1222 1598 1348 1660 illis
1394 1599 1641 1662 tribuat
1695 1599 1870 1662 bona
1917 1609 1987 1663 et
2038 1600 2264 1663 omnia
2309 1609 2470 1681 agat
2514 1617 2776 1663 summa
2817 1620 2977 1662 cum

558 1701 920 1784 diligentia,
956 1702 1048 1765 ita
1087 1711 1160 1765 ut
1201 1702 1287 1764 ad
1333 1702 1844 1765 unanimitatem
1891 1702 2036 1766 illas
2084 1701 2281 1768 faciat
2327 1721 2669 1770 recurrere.
2756 1713 2828 1768 et
2870 1723 2982 1767 os-

557 1805 842 1869 tendens
872 1807 1189 1888 quoniam
1222 1806 1465 1888 dignae
1494 1815 1654 1869 sunt
1685 1807 1934 1870 multae
1966 1807 2386 1890 diligentiae:

688 1979 851 2040 quae
878 1957 949 2022 in
977 1956 1305 2040 euangelio
1332 1956 1541 2020 simul
1563 1978 1800 2020 mecum
1831 1953 2277 2020 decertanermz
2284 1967 2323 2019 t.

654 2134 764 2201 ’τὸ
819 2138 1021 2212 sufficie
1057 2131 1302 2223 [εἶπευ],
1336 2135 1368 2203 ὃ
1406 2138 1591 2223 ἅνδρι
1626 2137 1747 2222 μὲν
1786 2138 2113 2224 ἁρμόττει,
2143 2138 2400 2222 ’γυναικὶ
2434 2134 2500 2204 δὲ
2539 2133 2763 2204 οὐκέτι.
2836 2129 2980 2204 δέον

559 2236 790 2310 αὐτοὺς
827 2237 1081 2305 κάκεῖνο
1130 2242 1449 2321 ἐννοῆσαι,
1493 2242 1593 2308 ὅτι
1633 2242 1958 2327 σύζυγον
2003 2239 2041 2322 ἦ
2092 2243 2235 2307 θεία
2277 2238 2501 2325 γραφὴ
2547 2237 2828 2324 οὐδαμοῦ
2861 2240 2979 2308 τὸν

557 2339 745 2428 νγόμῳ
777 2342 1177 2425 συνημμένον
1206 2346 1401 2427 λέγει,
1433 2344 1617 2410 ἀλλὰ
1646 2345 1766 2411 ’τὸν
1795 2344 1923 2411 ὑπὸ
1958 2344 2077 2427 τὴν
2105 2343 2316 2427 ἀὐτὴν
2344 2347 2591 2412 πίστιν.

662 2483 683 2540 r
722 2491 935 2540 scribere
968 2506 1166 2556 rogasse
1205 2495 1251 2543 C
1311 2510 1400 2545 scr.
1442 2500 1662 2559 rogasset
1697 2495 1765 2544 H
1818 2496 2038 2544 scribens
2071 2509 2270 2558 rogasse
2294 2509 2326 2542 r

1491 2592 1541 2626 11
1585 2576 1773 2635 tribuit,
1800 2578 1903 2640 agit
1932 2576 1975 2625 C
1996 2577 2143 2638 (corr)
2173 2575 2180 2640 Ι
2211 2591 2325 2625 cum
2348 2590 2387 2624 s.
2413 2574 2463 2624 d.
2489 2591 2522 2624 r

486 2648 491 2651 ἱ
560 2585 592 2637 9
626 2571 855 2620 affectum
886 2573 927 2621 C
947 2573 1014 2621 H
1067 2573 1271 2623 affectus
1293 2591 1324 2622 r

562 2706 759 2771 Chrys„
789 2705 905 2755 who
944 2722 1045 2756 was
1081 2716 1168 2757 not
1208 2707 1439 2758 however
1473 2708 1720 2774 prepared

560 2796 613 2837 to
658 2789 788 2851 deny
832 2788 938 2837 that
985 2790 1068 2838 the
1110 2792 1342 2853 σύνζυγος
1389 2791 1447 2839 of
1487 2792 1571 2840 the
1617 2800 1718 2839 text

561 2872 721 2935 might
764 2872 892 2921 have
943 2874 1070 2922 been
1115 2889 1147 2921 a
1192 2873 1401 2923 female:
1454 2876 1579 2923 τινὲς
1628 2874 1721 2931 τὴν

559 2958 764 3017 ’γυναῖκα
800 2954 946 3005 αὐτοῦ
989 2960 1290 3018 παρακαλεῖν
1322 2954 1532 3006 ἐνταῦθά.
1568 2965 1719 3017 φασιν

565 3036 732 3089 ...ἀλλ’
761 3041 846 3087 οὐκ
877 3040 1026 3098 ἔστιν,
1056 3037 1185 3087 ἀλλά
1213 3057 1319 3088 τινα
1345 3041 1553 3101 γυναῖκα
1576 3037 1609 3099 ἧ
1640 3041 1718 3087 καὶ

563 3118 713 3180 ἄνδρα
744 3121 853 3177 μιᾶς
889 3118 1056 3169 αὐτῶν.

630 3217 674 3250 2.
743 3201 992 3250 affectiose
1010 3208 1056 3248 et
1079 3217 1176 3250 non
1202 3201 1473 3261 affectiosa]
1512 3201 1720 3264 γνήσιε

563 3285 696 3331 εἶπεν
718 3281 825 3333 ἀλλ’
849 3281 900 3331 οὐ
921 3285 1116 3345 γνησία.
1160 3283 1236 3332 Cf.
1268 3285 1473 3332 Ellicott
1496 3285 1568 3331 acl
1584 3284 1633 3332 h.
1659 3284 1717 3331 l.:

528 3374 533 3377 “
559 3364 703 3413 .“the
725 3363 951 3410 doubtful
977 3364 1163 3425 gender
1190 3362 1247 3410 os
1272 3364 1404 3426 obas.
1430 3365 1569 3423 (Eur.
1602 3364 1717 3413 Alc.

565 3460 673 3507 314,
717 3443 829 3506 34²)
865 3445 1030 3492 would
1069 3445 1306 3506 certainly
1341 3460 1485 3494 cause
1525 3447 1721 3507 γνήσιος

563 3526 616 3570 to
648 3529 804 3569 revert
841 3530 892 3568 to
920 3521 1057 3568 three
1091 3521 1431 3569 terminations
1452 3520 1505 3581 ;''
1540 3525 1638 3571 and
1663 3540 1720 3573 so

567 3604 740 3665 Meyer
775 3603 872 3650 and
915 3603 1187 3665 Lightsoot.
1269 3605 1456 3667 Thpht.
1503 3605 1593 3654 has
1634 3605 1720 3654 the

564 3700 699 3734 same
729 3684 958 3733 remark:
1006 3686 1082 3731 ἵνα
1116 3685 1213 3746 ’γὰρ
1246 3685 1409 3734 τᾶλλα
1443 3687 1590 3743 ἐάσω,
1627 3688 1723 3735 ἔδει

564 3766 782 3827 γνησία
812 3767 1028 3826 cusu-ye-
1051 3767 1214 3815 εἰπεῖν.

638 3849 996 3912 ‘coniugalem'
1020 3850 1068 3897 d.
1092 3867 1182 3898 scr.
1210 3851 1351 3899 mello
1380 3850 1436 3898 in
1467 3851 1576 3910 loca,
1607 3851 1722 3912 &c.]

568 3928 807 3993 ΣύνζὊ-γος
828 3933 869 3980 is
892 3948 922 3981 a
938 3930 1073 3991 ἅπαξ
1090 3935 1218 3993 My„
1243 3948 1297 3980 as
1320 3931 1460 3980 faras
1484 3933 1568 3981 the
1583 3932 1718 3981 N.T.

568 4016 666 4064 and
713 4014 795 4063 the
841 4014 1009 4061 LXX.
1060 4029 1143 4061 are
1184 4014 1475 4061 concerned.
1565 4013 1721 4061 What

569 4095 664 4144 Th.
695 4102 825 4142 must
849 4108 993 4141 mean
1019 4101 1070 4141 to
1094 4109 1178 4155 say
1197 4093 1238 4140 is
1262 4091 1368 4140 that
1392 4091 1443 4137 in
1469 4092 1722 4155 Scripture

570 4175 706 4235 ζυγός
730 4176 829 4223 and
853 4174 915 4223 its
938 4174 1233 4223 derivativcs
1258 4173 1400 4220 when
1423 4174 1543 4221 used
1567 4181 1720 4222 meta-

569 4257 843 4322 phorically
866 4256 1063 4315 denote,
1092 4262 1179 4303 not
1203 4255 1286 4303 the
1305 4254 1546 4317 marriage
1563 4256 1715 4313 hond,

568 4341 657 4388 but
681 4340 765 4387 the
788 4339 922 4386 bond
947 4338 1003 4386 of
1020 4355 1049 4386 a
1075 4353 1303 4387 common
1327 4337 1432 4385 rule
1464 4339 1521 4385 of
1548 4337 1632 4386 life
1668 4355 1724 4386 or

568 4420 709 4468 saith.
790 4420 852 4466 In
892 4427 1097 4482 support
1136 4417 1193 4466 of
1223 4417 1319 4465 this
1356 4423 1620 4467 statement
1660 4420 1723 4467 he

571 4502 745 4566 might,
785 4503 980 4552 besides
1017 4503 1069 4553 S.
1102 4503 1246 4551 Matt.
1275 4500 1339 4549 xi.
1368 4516 1444 4565 29,
1485 4515 1562 4566 30,
1596 4502 1725 4551 have

2536 2506 2563 2556 5
2597 2493 2767 2558 nuptis
2804 2494 2848 2544 C
2869 2495 2983 2543 Ην

2691 2591 2747 2625 12
2783 2575 2870 2624 ina
2898 2574 2976 2626 C·

1820 2708 2005 2773 quoted
2043 2702 2168 2756 Acts
2203 2720 2285 2755 xv.
2326 2722 2400 2767 ro,
2441 2722 2468 2756 α
2503 2707 2622 2756 Cor.
2657 2706 2724 2756 vi.
2755 2722 2827 2771 14,
2857 2707 2977 2757 Gal.

1821 2806 1869 2837 v.
1912 2806 1953 2839 1.
2037 2790 2219 2854 Comp.
2259 2789 2434 2838 Thdt.:
2476 2790 2682 2850 σύζυγον
2716 2785 2800 2838 οὖν
2832 2786 2983 2838 αὐτὰ

1821 2872 1963 2919 καλεῖ
1989 2871 2049 2921 ὡς
2078 2868 2163 2919 τὸν
2200 2867 2344 2919 αὐτὸν
2379 2871 2584 2919 ἕλκοντα
2619 2872 2704 2931 τῆς
2735 2869 2981 2934 εὐσεβείας

1819 2953 1978 3013 ζυγόν.

1886 3039 1931 3085 8.
2002 3036 2236 3101 quoniam
2276 3050 2427 3085 suave
2457 3037 2547 3098 est]
2597 3036 2624 3086 ὀ
2654 3036 2766 3098 γὰρ
2809 3036 2982 3099 ζυγός

1820 3136 1911 3178 μου
1949 3120 2176 3180 χρηστός.
2237 3116 2466 3169 Sabatier
2504 3118 2593 3178 (iii.
2631 3130 2681 3183 p.
2716 3117 2800 3181 67)
2838 3119 2980 3182 gives

1821 3201 2066 3249 instances
2089 3200 2214 3248 srom
2241 3200 2325 3248 the
2346 3200 2493 3249 Latin
2517 3199 2700 3248 fathers
2717 3199 2776 3248 os
2790 3216 2821 3248 a
2843 3200 2979 3248 simi-

1822 3281 1945 3343 larly
1968 3280 2327 3343 compendious
2349 3281 2497 3329 mode
2520 3279 2578 3329 of
2603 3278 2812 3343 quoting
2838 3281 2979 3330 these

1823 3378 1999 3411 verses.
2075 3365 2213 3423 Quae
2236 3364 2324 3411 sub
2356 3364 2450 3425 lege
2479 3361 2596 3426 (Just
2631 3361 2811 3421 above)
2847 3370 2980 3410 must

1822 3444 1981 3494 either
2023 3445 2086 3494 be
2130 3461 2160 3494 a
2201 3447 2480 3494 correction
2523 3446 2600 3493 for
2652 3446 2830 3508 “quae
2885 3445 2979 3492 sub

1821 3527 2082 3590 euangelio
2101 3525 2156 3585 ;”
2179 3540 2235 3575 or
2258 3527 2325 3589 by
2352 3528 2442 3584 τὴν
2474 3525 2569 3574 ὑπὸ
2604 3524 2744 3583 νόμον
2779 3524 2875 3575 Th.
2906 3526 2978 3574 in·

1822 3609 2004 3658 tended
2036 3610 2221 3658 ‘under
2242 3625 2272 3657 a
2295 3610 2399 3658 rule
2429 3608 2487 3657 of
2513 3606 2635 3668 lise,’
2673 3608 2862 3657 ‘under
2893 3608 2980 3658 the

1822 3689 1917 3737 law
1941 3689 1998 3737 of
2017 3689 2217 3737 Christ?

1894 3786 1966 3820 12.
2016 3772 2085 3818 ita
2109 3779 2165 3818 ut
2185 3771 2257 3818 ad
2274 3769 2671 3830 termnimz‘tatem,
2699 3768 2818 3829 δια]
2866 3770 2981 3819 The

1822 3854 2087 3903 assistance
2121 3853 2239 3916 they
2265 3851 2496 3916 required
2530 3852 2597 3911 (v.
2627 3866 2671 3913 3,
2701 3850 2983 3913 συνλαμβά-

1824 3952 1906 3983 νου
1929 3931 2115 3992 αὑταῖς)
2148 3949 2249 3981 was
2282 3933 2332 3981 in
2367 3932 2599 3995 effecting
2631 3948 2661 3979 a
2693 3931 2982 3981 reconcilia-

1824 4015 1928 4063 tion
1949 4032 1964 4073 ;
1998 4014 2059 4062 cf.
2084 4012 2260 4061 Thdt.:
2286 4014 2562 4074 παρακαλεῖ
2581 4013 2709 4061 ὥστε
2729 4014 2826 4059 τῶν
2841 4010 2982 4074 ἀρίσ-

1823 4113 1918 4143 των
1938 4096 2176 4156 ’γυναικῶν
2197 4096 2477 4155 συνεργὸν
2496 4095 2742 4155 γενέσθαι,
2768 4095 2848 4142 καὶ
2878 4091 2986 4155 τὴν

1826 4176 2168 4236 συμφωνίαν
2197 4174 2553 4236 βραβεῦσαι.

1895 4272 1968 4319 13.
2017 4257 2580 4321 degrnae...dil1‡;rmt22u·]
2645 4257 2746 4305 For
2780 4273 2891 4306 exx.
2933 4258 2993 4306 of

1821 4339 2007 4402 degrmaes
2029 4356 2071 4388 c.
2101 4356 2212 4403 gen.
2240 4341 2302 4389 cf.
2335 4336 2554 4397 Ro'nsch‚
2577 4338 2724 4398 Itala,
2755 4354 2805 4402 p.
2830 4352 2943 4399 413.

1896 4437 1969 4483 14.
2025 4422 2181 4469 simul
2213 4437 2397 4469 mecum
2434 4421 2829 4482 decertauerunt]
2876 4439 2986 4471 συν-

1824 4503 2043 4563 ήθλησάν
2073 4522 2168 4563 μοι.
2231 4505 2295 4554 O.
2327 4504 2385 4554 L.
2415 4505 2514 4553 and
2534 4503 2704 4568 Vulg.,
2734 4508 2984 4555 “mecum
