3293 5233
313 407 363 473 Ι.
403 406 521 492 ι9.]
1051 419 1137 472 m
1181 421 1285 473 ΕΡ.
1331 420 1434 472 AD
1480 420 1999 476 comssENsES.
2597 407 2717 491 275

437 609 594 654 nam
627 590 805 674 quod
838 590 1014 655 dixit
1045 599 1134 666 ut,
1165 609 1299 653 non
1329 594 1598 653 causam
1629 590 1825 668 dix‘it,
1851 590 1970 655 sed
2004 590 2118 654 illa
2147 589 2318 674 quae'
2358 589 2728 674 sequeban-

308 697 416 758 tur
444 701 758 756 consuete
801 692 926 755 sibi
963 691 1197 757 edixit.
1289 690 1432 756 uult
1478 693 1657 756 enim
1704 692 1922 755 dicere
1965 692 2145 775 quod
2192 701 2295 757 est
2338 712 2457 775 per
2498 693 2726 755 omnia

310 793 452 875 ipse
495 794 764 876 primuS,
812 815 946 858 non
991 795 1208 859 solum
1251 796 1408 878 quia
1455 795 1802 860 inchoasse
1854 798 2394 862 resurrectionem
2448 797 2726 874 uidetur,

311 893 429 957 sed
459 895 638 977 quod
672 897 759 960 sit
789 905 857 959 et
894 916 1013 979 per
1049 897 1277 960 omnia
1313 897 1674 979 primatum
1714 904 1965 963 tenens,
2058 900 2351 963 ‘omnia'
2383 899 2578 976 enim,
2612 898 2726 963 illa

307 995 575 1076 quaein
615 999 930 1076 creaturis
976 999 1417 1074 nominantur,
1447 1000 1636 1082 quasi
1682 1001 1999 1064 maiorem
2046 1001 2365 1065 honorem
2412 1000 2722 1064 tribuens,
2787 1012 2829 1077 ,5

307 1104 375 1157 et
414 1097 601 1177 quasi
648 1099 1087 1182 interpretans
1129 1099 1240 1163 illa
1284 1121 1455 1183 quae
1500 1103 1799 1185 superius
1844 1102 2125 1178 dixerat,
2171 1112 2238 1166 et
2282 1112 2511 1185 aperte
2556 1100 2720 1163 illud

307 1201 782 1280 quod‘dixerat
822 1205 1174 1268 ostendere
1213 1205 1485 1287 cupiens
1524 1206 1635 1281 ait,
1676 1204 1980 1286 quoniam
2027 1206 2098 1269 in
2145 1206 2274 1289 {pso
2315 1215 2528 1269 creata
2569 1213 2728 1267 sunt

306 1299 526 1363 omnia
554 1310 623 1365 et
652 1312 888 1381 cetera,
911 1307 1069 1388 quia
1099 1306 1165 1369 in
1198 1306 1310 1368 illa
1341 1317 1530 1388 parte
1553 1307 1876 1389 epistolae
1905 1308 1990 1371 de
2019 1308 2434 1373 humanitate
2463 1303 2731 1371 fuerant

306 1401 522 1483 dicta;
565 1406 743 1470 unde
773 1415 841 1470 et
871 1408 1073 1472 adicit
1100 1433 1114 1473 ε
1324 1413 1329 1418 “
1959 1395 1962 1398 ’
2397 1395 2402 1399 ’
2597 1405 2600 1408 ’

434 1576 740 1659 quoniam
771 1576 842 1642 in
874 1579 1003 1661 {pso
1031 1579 1403 1661 complacuit
1429 1580 1639 1644 omnis
1651 1581 1987 1663 plenitudo
2018 1581 2399 1647 inhabitare.
2756 1591 2834 1638 10

442 1708 948 1792 ‘plenitudinem
982 1712 1136 1776 Dei’
1168 1722 1235 1777 et
1266 1713 1611 1778 ecclesiam
1642 1725 1857 1792 uocat,
1880 1699 2138 1780 necnon
2170 1725 2237 1781 et
2266 1716 2508 1792 omnia,
2529 1714 2718 1798 quasi

309 1811 467 1893 quia
509 1825 576 1878 et
620 1815 687 1877 in
731 1817 1038 1880 omnibus
1078 1816 1163 1880 sit
1205 1827 1271 1881 et
1311 1818 1537 1881 omnia
1578 1819 1856 1901 impleat
1870 1839 1886 1897 ;
1949 1829 2017 1883 et
2061 1819 2189 1883 hoc
2235 1829 2336 1884 est
2377 1819 2727 1884 euidenter

309 1919 561 1984 discere
612 1941 700 1984 ex
754 1920 883 1984 illis
930 1942 1103 2004 quae
1149 1921 1236 1985 ad
1286 1921 1615 2004 Ephesios
1663 1922 1956 1985 scribens
2004 1922 2255 1986 dixisse
2305 1923 2597 1987 uidetur:
2657 1933 2726 1986 et

310 2024 519 2107 zpsum
564 2025 746 2090 dedit
790 2036 979 2108 caput
1023 2037 1212 2109 super
1260 2045 1508 2088 omnem
1554 2024 1888 2102 ecclesiam,
1940 2046 2101 2108 quae
2144 2036 2240 2090 est
2286 2036 2508 2107 corpus
2562 2025 2714 2102 eius,

412 2225 429 2258 1
470 2216 523 2258 ut
547 2225 647 2259 non
672 2216 724 2258 ut
747 2224 947 2260 causam
975 2209 1019 2258 C
1042 2208 1189 2272 (corr)
1211 2209 1279 2258 H

314 2307 366 2340 11
401 2300 452 2341 et
476 2290 565 2355 (1⁰)
589 2307 667 2341 om
690 2308 722 2341 r
921 2307 975 2341 12
1013 2292 1099 2356 qui
1123 2308 1155 2340 r

326 2469 329 2472 ’
380 2476 422 2509 1.
500 2477 601 2511 non
636 2477 835 2510 causam
870 2462 1023 2520 darete,
1063 2462 1176 2524 δια]
1242 2462 1324 2512 Cf.
1372 2477 1459 2526 pp.

307 2561 387 2604 44,
416 2541 450 2590 l.
478 2554 621 2606 3—5,
653 2545 733 2608 98,
759 2543 794 2592 1.
822 2559 900 2599 20,
929 2542 1029 2603 263
1060 2545 1160 2593 and
1188 2544 1288 2593 add
1319 2542 1461 2592 Th.’s

308 2638 491 2672 comm.
523 2639 590 2672 on
625 2625 679 2673 S.
715 2625 849 2689 John
879 2642 927 2672 x.
971 2639 1025 2688 17
1067 2624 1280 2689 (Migne,
1318 2622 1459 2688 76o):

308 2703 365 2768 τὸ
410 2706 461 2753 δὲ
512 2706 614 2754 ‘tva
659 2703 810 2753 πάλιν
853 2704 989 2769 λάβω
1033 2703 1208 2767 αὐτὴν
1255 2702 1337 2755 οὐκ
1380 2705 1463 2753 ἐπὶ

309 2788 465 2837 αἰτίας
507 2788 636 2835 εἶπεν
645 2825 761 2836 ......
769 2784 901 2836 ἀλλὰ
945 2786 1067 2837 κατὰ
1102 2786 1159 2836 τὸ
1196 2789 1367 2846 ἰδίωμα
1403 2784 1462 2835 τὸ

308 2869 547 2929 γραφικόν
601 2866 660 2918 ὠς
722 2871 879 2918 αἰτίαν
937 2868 995 2920 τὸ
1060 2869 1291 2929 ἑπόμενον
1346 2871 1460 2930 ἔφη.

311 2949 560 2999 Lanfranc
595 2950 716 2999 cites
758 2950 857 2999 this
899 2951 1064 2999 clause
1107 2950 1159 2999 in
1207 2951 1291 2999 the
1335 2949 1462 2998 form

310 3036 461 3080 “non
498 3047 698 3080 causam
731 3032 868 3089 dicit,
903 3020 1003 3081 sed¹
1023 3032 1146 3081 illud
1176 3032 1312 3097 quod
1345 3048 1463 3081 con·

309 3112 658 3178 sequebatur.'’
760 3115 951 3164 Robert
1004 3114 1063 3164 of
1120 3116 1211 3163 B.:
1280 3119 1310 3142 ‘⁴
1326 3115 1461 3179 quod

308 3204 475 3245 autem
497 3196 566 3245 ait
592 3203 653 3245 ut
670 3196 748 3257 sit,
778 3213 880 3246 non
902 3214 947 3247 c.
972 3198 1042 3259 d.‚
1071 3198 1158 3247 sed
1181 3197 1306 3246 illud
1327 3197 1463 3262 quod

308 3278 678 3344 consequitur.''

373 3361 423 3412 6.
478 3368 525 3411 et
553 3361 934 3426 quasi...adicit]
980 3366 1154 3415 Either
1188 3366 1273 3414 the
1306 3374 1463 3415 trans-

308 3440 437 3491 lator
453 3458 553 3491 ora
567 3443 758 3506 c'opyist
783 3443 873 3492 has
896 3444 1091 3493 thrown
1111 3445 1208 3493 this
1230 3454 1461 3494 sentence

306 3523 414 3572 into
437 3523 713 3579 confusion,
737 3525 804 3587 by
816 3524 1004 3589 adding
1025 3525 1101 3574 ait
1122 3527 1220 3574 and
1244 3527 1377 3575 unde
1397 3533 1459 3574 et.

307 3604 406 3652 Th.
440 3604 620 3652 wishes
651 3611 703 3653 to
738 3620 827 3667 say
856 3604 962 3653 that
993 3621 1131 3654 verse
1169 3620 1241 3672 19,
1277 3605 1461 3669 rightly

306 3685 583 3748 explained,
612 3685 952 3735 corroborates
974 3686 1053 3735 his
1075 3686 1201 3735 view
1222 3703 1276 3737 as
1300 3696 1352 3735 to
1376 3687 1459 3735 the

305 3766 551 3815 reference
574 3766 632 3815 of
646 3782 695 3814 v.
727 3764 783 3814 16
808 3775 860 3817 to
883 3768 967 3816 the
990 3768 1129 3816 homo
1149 3774 1410 3831 susceptus.

378 3863 452 3897 10.
508 3849 795 3912 complacuit
844 3850 1007 3899 omnis
1051 3850 1327 3913 plenitudo]
1390 3851 1460 3899 So

306 3929 436 3977 Cod.
456 3930 700 3986 Clarom.;
729 3929 902 3993 Vulg.,
928 3934 959 3957 ‘⁴
975 3946 1173 3979 omnem
1193 3931 1458 3994 plenitudi-

305 4008 471 4057 nem.''
536 4010 647 4058 The
681 4026 862 4059 comm.
897 4010 968 4075 (p.
996 4012 1106 4073 276,
1146 4012 1180 4061 l.
1215 4012 1264 4075 2)
1298 4012 1459 4060 shews

303 4089 411 4138 that
445 4089 542 4138 Th.
566 4090 773 4139 himself
802 4093 1040 4155 regarded
1082 4091 1108 4139 ὁ
1143 4090 1247 4142 θεός
1283 4109 1338 4141 as
1375 4093 1459 4141 the

303 4184 440 4217 nom.
477 4176 530 4217 to
567 4166 838 4229 εὐδόκησεν.
907 4171 989 4219 Cf.
1023 4171 1179 4220 Thdt.
1217 4170 1367 4236 (cited
1407 4172 1458 4221 in

302 4250 387 4299 the
410 4258 528 4300 next
551 4251 706 4315 note).

374 4343 450 4377 11.
494 4330 633 4393 plen.
673 4332 778 4380 Dei
807 4341 853 4381 et
878 4334 1113 4382 ecclesiam
1150 4341 1305 4389 uocat,
1340 4334 1455 4394 ἃς]

302 4416 487 4465 Thdt.:
536 4415 777 4479 πλήρωμα.
824 4414 914 4475 τὴν
970 4417 1232 4474 ἐκκλησίαν
1288 4419 1339 4466 ἐν
1395 4416 1460 4477 τῇ

303 4494 419 4558 πρὸς
472 4497 726 4559 Ἐφεσίους
780 4498 1026 4559 ἐκάλεσεν,
1079 4498 1135 4549 ὠς
1181 4497 1274 4547 τῶν
1320 4501 1455 4549 θείων

1520 2205 1551 2256 6
1584 2215 1725 2272 perte
1749 2207 1859 2267 (sic)
1888 2207 1934 2256 C

2167 2223 2199 2273 9
2231 2206 2566 2271 quia—adicit
2586 2223 2665 2257 om
2689 2225 2728 2286 r.

1561 2459 1880 2525 χαρισμάτων
1928 2462 2327 2525 πεπληρωμένην.
2396 2461 2577 2524 ταύτην
2617 2453 2718 2525 ’ἔφη

1560 2541 1816 2604 εὐδοκῆσαι
1852 2543 1938 2593 τὸν
1978 2544 2090 2594 θεὸν
2128 2547 2181 2593 ἐν
2214 2543 2285 2605 τῷ
2323 2543 2521 2607 Χριστῷ
2557 2564 2715 2595 κατοι-

1561 2623 1723 2687 κῆσαι,
1766 2628 2013 2676 τουτέστιν
2057 2624 2191 2688 αὐτῷ
2215 2625 2716 2688 συνῆφθαι...8ενεῐ·ἰ·

1560 2722 1687 2757 anus
1745 2708 1969 2770 (Cramer
2013 2708 2080 2756 vi.
2129 2706 2274 2771 3ro):
2331 2705 2591 2768 ηὐδόκησεν
2635 2707 2714 2759 οὖν

1560 2786 1589 2835 ὁ
1627 2787 1730 2837 θεὸς
1765 2787 1822 2837 τὸ
1857 2786 2095 2851 πλήρωμα
2138 2786 2300 2847 αὑτοῦ,
2341 2792 2588 2839 τουτέστιν
2624 2792 2716 2851 τὴν

1561 2871 1821 2928 ἐκκλησίαν
1877 2868 1964 2930 τὴν
2022 2872 2398 2933 πεπληρωμένην
2454 2867 2611 2931 αὐτοῦ,
2661 2875 2714 2921 ἐν

1560 2948 1631 3010 τῷ
1675 2949 1874 3014 Χριστῷ
1915 2953 1992 3001 οἷα
2033 2954 2085 3000 ἐν
2131 2949 2325 3014 κεφαλῇ
2365 2955 2460 3015 ίδίᾳ
2504 2955 2710 3013 οίκῆσαι.

1564 3033 1716 3083 Coisl.
1738 3031 1821 3081 26:
1848 3035 1994 3082 ἄλλος
2017 3034 2068 3081 δὲ
2085 3033 2323 3095 πλήρωμα
2343 3035 2432 3093 τὴν
2453 3031 2714 3094 ἐκκλησίαν

1562 3114 1715 3176 λέγει.
1786 3116 1868 3165 Cf.
1901 3114 2043 3165 Th.'s
2072 3132 2256 3165 comm.
2286 3132 2353 3165 on
2391 3117 2524 3180 Eph.
2558 3117 2593 3165 i.
2631 3133 2708 3180 23,

1563 3198 1678 3247 Col.
1710 3197 1763 3245 ii.
1787 3212 1853 3262 93
1893 3198 1993 3245 and
2027 3204 2168 3246 notes
2202 3198 2357 3247 there.
2425 3199 2623 3262 Chrys„
2649 3200 2721 3248 ad

1560 3278 1612 3326 h.
1629 3279 1683 3337 l.‚
1713 3285 1859 3327 starts
1881 3294 2017 3342 upon
2039 3294 2070 3327 a
2086 3279 2273 3341 wholly
2296 3278 2522 3328 different
2552 3280 2710 3340 track,

1560 3358 1613 3408 in
1636 3359 1801 3408 which
1825 3359 1888 3409 he
1915 3360 1956 3407 is
1979 3360 2209 3409 followed
2240 3360 2307 3423 by
2329 3361 2538 3424 Thpht„
2568 3362 2715 3411 Oec.:

1561 3441 1671 3500 περὶ
1725 3436 1813 3498 τῆς
1876 3438 2098 3498 θεότητος
2164 3441 2349 3501 εἴρηκεν
2413 3440 2629 3503 καθάπερ
2687 3443 2725 3501 ὁ,

1561 3519 1784 3581 Ἰωάννης
1822 3524 1884 3583 (c.
1927 3522 1962 3570 i.
2005 3519 2102 3581 16).
2173 3524 2241 3571 So
2285 3539 2409 3572 even
2456 3525 2716 3588 Pelagius:

1560 3609 1590 3631 “
1609 3604 1662 3653 in
1702 3605 2075 3654 Christ0...tota
2124 3604 2360 3653 diuinitas
2407 3606 2711 3658 habitavit...

1558 3684 2232 3735 summaliter.”—Lanfranc
2281 3686 2402 3735 cites
2455 3688 2553 3737 this
2605 3706 2714 3753 pas-

1559 3784 1693 3831 sage,
1744 3767 1833 3815 but
1877 3768 2025 3816 alters
2069 3767 2153 3816 the
2197 3783 2338 3817 sense
2383 3769 2449 3830 by
2483 3769 2718 3835 omitting

1558 3863 1743 3896 necnon
1767 3853 1814 3895 et
1832 3847 1999 3895 omnia
2012 3848 2299 3909 —adimplct
2319 3849 2418 3895 and
2443 3848 2678 3897 habitare.

1631 3945 1707 3992 14.
1763 3936 1910 3991 super
1927 3945 2118 3978 onmem
2140 3930 2397 3987 ecclesiam,
2426 3930 2540 3990 δια]
2577 3930 2710 3994 Eph.

1559 4012 1593 4059 i.
1623 4027 1701 4069 22,
1732 4012 1896 4060 where
1927 4027 2008 4060 see
2041 4021 2174 4059 note.
2246 4012 2306 4059 In
2339 4012 2470 4073 Eph.
2495 4013 2530 4059 l.
2554 4029 2595 4060 c.
2626 4015 2713 4061 ad-

1558 4095 1794 4157 impletur
1825 4100 1912 4142 not
1944 4094 2061 4156 only
2084 4094 2254 4141 stands
2288 4093 2339 4140 in
2368 4093 2453 4142 the
2482 4101 2596 4151 text,
2623 4095 2715 4145 but

1557 4175 1600 4223 is
1637 4176 1884 4224 defended
1925 4175 1974 4223 in
2015 4175 2099 4223 the
2139 4190 2320 4223 comm.
2361 4175 2431 4238 (p.
2464 4192 2567 4234 141,
2600 4176 2633 4223 1.
2666 4192 2706 4236 1,

1558 4254 1684 4320 sq.);
1721 4272 1775 4304 so
1799 4256 1906 4304 that
1929 4256 2013 4304 the
2044 4254 2250 4317 reading
2280 4255 2338 4302 of
2365 4255 2448 4303 the
2480 4255 2634 4305 MSS.
2660 4257 2713 4307 in

1557 4337 1656 4384 this
1687 4337 1828 4400 place
1851 4344 1980 4385 must
2004 4337 2067 4385 be
2090 4352 2153 4384 an
2183 4352 2316 4385 error
2345 4337 2442 4385 due
2471 4338 2631 4387 either
2660 4347 2713 4387 to

1557 4418 1641 4466 the
1665 4417 1929 4466 translator
1958 4433 2015 4467 or
2044 4424 2098 4467 to
2127 4417 2214 4467 the
2242 4418 2441 4479 scribes,
2470 4421 2714 4485 probably

1557 4508 1610 4549 to
1633 4499 1719 4550 the
1741 4501 1905 4551 latter.

2331 4599 2533 4660 18—2
