3293 5233
293 387 342 451 1.
384 387 503 472 16.]
1032 401 1115 452 m
1164 402 1270 454 ει).
1315 402 1417 452 AD
1463 400 1982 453 comsssnssss.

2580 387 2709 467 269

290 594 688 639 consensum
715 574 1194 657 redintegratis
1214 573 1405 637 sicuti
1431 572 1517 637 ad
1554 574 1900 636 Romanos
1931 571 2197 635 scribit:
2221 569 2513 636 uanitati
2536 568 2710 634 enim

288 688 588 742 creatura
616 677 894 741 subiecta
922 688 1016 741 est
1045 698 1170 740 non
1201 671 1429 753 uolens,
1460 675 1577 739 sed
1594 685 1862 758 propter
1885 697 2030 739 eum
2059 675 2178 759 qui
2199 674 2477 752 subiecit,
2511 675 2580 740 in
2608 687 2716 758 spe

291 782 597 864 quoniam
642 791 706 844 et
756 781 896 863 ipsa
940 789 1244 842 creatura
1293 778 1678 844 liberabitur
1720 800 1764 841 a
1812 778 2122 842 seruitute
2165 778 2590 859 corruptionis
2641 777 2711 841 in

292 881 651 945 libertatem
699 881 955 966 gloriae
1011 880 1314 964 filiorum
1373 880 1518 944 Dei.
1610 881 1677 944 in
1739 890 1967 943 nostra
2025 880 2225 962 igitur
2283 880 2712 943 renouatione

295 987 663 1052 secundum
695 1005 900 1068 quam
931 994 998 1048 et
1029 984 1326 1048 omnium
1361 984 1848 1066 redintegratur
1878 983 2227 1059 connexiO,
2261 983 2447 1046 cuius
2487 982 2713 1065 primi·
2785 990 2816 1058 5

295 1089 429 1153 tiae
460 1096 617 1151 sunt
648 1087 702 1150 is
732 1087 844 1170 qui
889 1086 1255 1149 secundum
1292 1105 1560 1149 carnem
1594 1084 1913 1161 ChristuS,
1948 1087 2013 1149 in
2045 1106 2181 1167 quo
2217 1086 2474 1167 optima
2514 1104 2714 1167 quae-

294 1190 455 1253 dam
498 1197 565 1252 et
608 1197 683 1252 ut
724 1188 817 1251 ita
848 1188 1136 1250 dixerim
1169 1187 1650 1269 compendiosa
1690 1188 1993 1250 omnium
2035 1188 2355 1250 recreatio
2400 1186 2717 1249 efficietur

297 1291 496 1375 (sicut
527 1291 763 1355 beatus
797 1290 1041 1354 Paulus
1071 1291 1248 1365 dicit,
1278 1290 1344 1353 si
1368 1311 1499 1373 qua
1530 1290 1599 1353 in
1636 1289 1893 1356 Christo
1923 1310 2090 1352 noua
2110 1299 2425 1365 creatura,
2444 1288 2716 1371 antiqua

293 1395 718 1466 transierunt,
743 1405 805 1458 et
823 1416 946 1458 ecce
965 1393 1396 1476 omniasacta
1421 1404 1579 1457 sunt
1606 1392 1843 1475 noua),·
1874 1393 2172 1455 omnium
2198 1393 2376 1455 enim
2410 1391 2581 1455 ultra
2599 1412 2716 1455 ex-

299 1501 641 1565 istentium
690 1502 758 1563 in
791 1497 1486 1581 incorruptibilitatem
1519 1498 1832 1561 omnibus
1863 1495 2228 1560 saluabitur
2259 1516 2619 1559 consensus
2651 1507 2716 1560 et
2753 1513 2829 1559 10

299 1603 654 1667 concordia
686 1614 752 1667 et
783 1603 1135 1677 connexio,
1168 1601 1237 1665 et
1268 1602 1440 1664 ultra
1470 1600 1753 1683 diligent
1793 1622 1915 1664 nos
1956 1599 2157 1664 etiam
2191 1598 2556 1663 inuisibiles
2591 1600 2719 1661 uir-

300 1716 477 1771 tutes
509 1717 742 1790 utpote
774 1705 1130 1769 familiares
1163 1704 1313 1768 Dei.
1404 1704 1574 1768 bene
1605 1724 1764 1787 ergo
1803 1703 2020 1768 dixit:
2064 1702 2133 1766 in
2167 1703 2297 1787 zjoso
2324 1717 2540 1770 creata
2565 1715 2724 1769 sunt

298 1808 536 1885 omnia,
569 1829 704 1872 non
736 1808 953 1872 solum
984 1807 1141 1890 quia
1171 1827 1290 1890 per
1320 1806 1452 1882 illa,
1483 1827 1657 1890 quae
1688 1827 1845 1889 erga
1875 1827 2027 1870 eum
2059 1807 2238 1871 facta
2268 1817 2440 1886 sunt,
2471 1808 2722 1872 futuro-

302 1932 446 1975 rum
505 1913 801 1977 adsecuti
857 1932 1088 1974 sumus
1148 1910 1658 1994 promissionem
1684 1931 1699 1989 3
1762 1911 1879 1974 sed
1938 1912 2254 1994 quoniam
2310 1921 2379 1975 et
2428 1911 2720 1995 perfecta

301 2013 613 2076 omnibus
672 2012 1011 2095 copulatio
1072 2013 1140 2075 in
1195 2012 1307 2075 illo
1366 2012 1779 2076 custodietur
1837 2024 2107 2096 propter
2166 2013 2718 2078 inhabitationem
2754 2026 2824 2095 15

301 2115 571 2179 diuinae
602 2127 897 2190 naturae,
932 2116 1025 2179 ita
1055 2123 1131 2178 ut
1161 2113 1325 2177 nihil
1358 2116 1571 2196 possit
1608 2116 1885 2178 scissum
1933 2116 2105 2181 ultra
2148 2116 2394 2180 habere
2438 2139 2526 2182 ex
2573 2116 2720 2192 illis,

303 2240 477 2304 quae
507 2218 892 2283 communia
928 2217 1123 2282 nobis
1163 2226 1334 2280 sunt.
1426 2238 1559 2280 una
1602 2218 1875 2301 quidem
1921 2239 2010 2282 ex
2057 2228 2244 2301 parte
2289 2220 2722 2302 diligentibus

303 2342 456 2385 eum
489 2321 798 2385 omnibus
830 2330 1104 2403 propter
1132 2320 1653 2385 familiaritatem
1686 2320 1870 2385 illam
1903 2342 2105 2404 quam
2148 2323 2234 2386 ad
2281 2343 2433 2385 eum
2478 2322 2724 2386 habere

303 2435 619 2508 poterunt
649 2426 839 2507 quasi
873 2425 958 2488 ad
991 2425 1352 2499 hominem,
1377 2445 1464 2486 ex
1490 2424 1733 2489 uisibili
1768 2435 2001 2488 natura
2032 2435 2101 2489 et
2130 2424 2443 2488 inuisibili
2475 2425 2723 2487 consis-

303 2538 486 2591 tente
511 2547 623 2605 eo;
655 2528 865 2591 altera
890 2547 1065 2602 uer0,
1089 2546 1241 2588 cum
1267 2525 1482 2588 multo
1505 2526 1742 2591 timore
1766 2529 1850 2591 ad
1877 2548 2032 2591 eum
2057 2530 2390 2592 conuersis
2413 2529 2724 2593 omnibus
2752 2547 2835 2595 20

304 2639 574 2713 propter
606 2629 1116 2711 inseparabilem
1152 2629 1375 2692 Deum
1405 2630 1706 2695 Verbum
1746 2633 1860 2714 qui
1899 2632 2072 2696 inest
2111 2632 2172 2695 ei
2218 2634 2458 2698 unitus,
2548 2633 2727 2699 unde

303 2733 532 2796 dicens
562 2731 783 2795 omnia
813 2730 1094 2795 adiecit:

406 2936 432 2970 2
468 2936 582 2970 eum
607 2920 710 2983 (ast
731 2918 885 2978 subi.)
908 2919 1012 2966 add
1030 2934 1062 2966 r

332 3002 341 3065 Ι
371 3002 545 3051 haberi
572 3002 615 3051 C
636 3003 785 3063 (corr)
882 3014 938 3064 ¹9
972 3006 1238 3064 potuerunt
1262 3016 1294 3047 r

304 3084 530 3133 iunctum
554 3098 587 3131 r

1352 2920 1382 2967 8
1415 2918 1510 2977 hir»,
1540 2919 1728 2968 Christi
1753 2938 1785 2969 r

1462 3016 1528 3050 ἰο
1562 3000 1677 3050 Deo
1705 3003 1825 3066 (sor
1842 3004 1925 3063 eo)
1950 3021 1982 3052 r

2085 2922 2145 2974 16
2178 2925 2357 2974 scisutn
2385 2927 2490 2987 (sic)
2519 2928 2562 2977 C
2577 2928 2726 2987 (corr)

2128 3020 2183 3054 ἰι
2225 3006 2324 3055 Dei
2348 3007 2412 3054 V.
2437 3008 2574 3072 quod
2596 3008 2631 3056 i.
2655 3009 2728 3057 eis

379 3291 422 3324 ι.
477 3273 550 3322 ad
594 3273 844 3323 Romanos
886 3272 1078 3333 scribit]
1144 3287 1189 3321 c.
1235 3271 1340 3320 viii.
1391 3287 1471 3327 20,

309 3369 366 3404 21
401 3354 591 3418 (Vulg.‚
617 3350 823 3416 nearly).
893 3353 940 3401 A
970 3352 1217 3402 reference
1248 3361 1301 3401 to
1330 3351 1473 3401 Th.’s

307 3453 492 3487 comm.
546 3452 613 3485 on
669 3436 819 3484 Rom.
875 3435 909 3483 I.
955 3452 995 3483 c.
1042 3436 1204 3485 shews
1251 3437 1360 3485 that
1409 3437 1472 3485 he

308 3519 548 3583 regarded
597 3518 681 3568 the
735 3516 965 3566 invisible
1017 3517 1238 3567 creation
1291 3534 1346 3566 as
1400 3518 1471 3566 in·

307 3600 487 3651 cluded
520 3600 570 3649 in
603 3599 688 3649 the
718 3614 869 3663 scope
900 3597 960 3647 of
981 3599 1066 3647 the
1099 3614 1340 3662 passage:
1376 3595 1475 3648 πῶς

308 3684 361 3732 δὲ
397 3679 560 3730 πᾶσαν
598 3683 696 3742 ἔφη
739 3680 821 3745 (he
859 3680 995 3742 asks)
1039 3679 1184 3730 τοῦτο
1221 3679 1475 3739 ὑπομένειν

308 3763 398 3825 τὴν
423 3767 607 3823 κτίσινς
641 3763 737 3813 τὰς
766 3765 871 3823 μὲν
904 3761 1180 3825 αόράτους
1218 3761 1284 3813 ὡς
1322 3764 1477 3812 εἰκὸς

312 3847 414 3894 ἅτε
459 3843 526 3904 δὴ
569 3843 808 3904 λογικὰς
854 3846 948 3893 καὶ
991 3841 1106 3892 τῶν
1151 3846 1473 3904 γινομένων

308 3931 559 3988 ἔχουσας
601 3928 704 3987 τήν
751 3929 1049 3986 αἴσθησιν·
1097 3924 1179 3975 τὰς
1215 3928 1266 3975 δὲ
1300 3925 1475 3988 ὁρατὰς

308 4004 376 4068 τῇ
416 4008 632 4067 κοινωνίᾳ
683 4003 769 4054 τοῦ
813 4004 1108 4068 πράγματος.
1179 4006 1248 4055 80
1295 4007 1474 4059 Thdt..

310 4089 425 4137 who
459 4088 580 4137 cites
618 4088 671 4136 S.
713 4087 855 4135 Luke
888 4102 967 4134 xv.
1005 4101 1050 4148 7,
1082 4086 1304 4150 adding:
1346 4087 1392 4132 εἰ
1426 4089 1477 4136 δὲ

310 4173 561 4234 χαίρουσιν
587 4171 668 4217 ἐπὶ
698 4171 793 4219 τοῖς
819 4166 1129 4227 μετανοοῦσιν
1157 4167 1472 4232 ἁμαρτωλοῖς,

312 4253 392 4300 καὶ
445 4247 707 4308 ἀθυμοῦσιν
776 4245 1037 4310 (δηλονότι)
1108 4247 1188 4298 τὰς
1252 4247 1481 4309 ἡμετέρας

312 4335 608 4397 παρανομίας
630 4329 829 4393 ὁρῶντες
854 4330 936 4393 (cf,
962 4331 1076 4390 Th„
1103 4331 1139 4379 l.
1162 4330 1226 4393 c.)

381 4434 422 4483 5.
481 4420 625 4468 cuius
671 4419 937 4481 primitiae
989 4424 1125 4474 sunt,
1186 4415 1300 4476 &c.]
1369 4413 1480 4463 The

313 4503 454 4550 homo
486 4506 742 4563 εισι-φίας,
788 4498 916 4546 risen
965 4497 1091 4546 from
1132 4497 1216 4545 the
1255 4493 1405 4548 dead,
1443 4493 1484 4542 is

1571 3258 1656 3308 the
1689 3257 1890 3321 ἅπαρχή
1918 3248 1977 3311 of
2003 3263 2088 3312 the
2119 3279 2230 3312 new
2260 3264 2480 3314 creation
2519 3264 2564 3327 (ι
2606 3265 2727 3315 Cor.

1572 3356 1651 3390 xv.
1684 3357 1762 3398 20,
1788 3343 1902 3392 Col.
1927 3344 1961 3392 i.
1993 3347 2087 3405 18).

1641 3434 1686 3484 7.
1747 3432 1896 3486 comp.
1921 3440 1964 3472 0.
1989 3425 2240 3485 recreatio]
2308 3426 2388 3475 Cf.
2414 3443 2465 3490 p.
2492 3441 2598 3488 130,
2623 3426 2658 3475 1.
2677 3446 2727 3490 4.

1640 3505 1686 3552 8.
1744 3505 1792 3553 si
1837 3521 1939 3568 qua
1991 3507 2046 3554 in
2102 3507 2317 3566 Christo,
2357 3507 2471 3568 δια]
2540 3522 2566 3555 2
2605 3508 2726 3557 Cor.

1574 3602 1621 3633 v.
1649 3598 1723 3647 17.
1782 3586 1929 3636 Cited
1953 3588 2113 3637 above
2135 3604 2200 3637 on
2227 3589 2360 3653 Eph.
2384 3589 2437 3637 ii.
2470 3605 2544 3645 10,
2563 3589 2729 3639 where

1571 3682 1653 3715 see
1677 3676 1835 3717 notes.

1638 3767 1686 3817 9.
1754 3752 1982 3800 omnium
2017 3752 2577 3815 enim...ext'slcntlum]
2644 3754 2727 3804 Cf.

1576 3830 1794 3891 Rssnsch,
1823 3833 1974 3888 Itala,
2001 3849 2050 3896 p.
2075 3832 2187 3896 436.
2256 3834 2366 3882 The
2392 3834 2730 3883 construction

1574 3914 1614 3961 is
1638 3914 1830 3962 broken
1849 3914 1915 3977 by
1932 3914 2016 3963 the
2035 3915 2341 3978 parenthesis
2363 3916 2732 3973 cuius—noua,-

1573 3996 1800 4043 omm‘um
1830 3996 1965 4044 enim
1996 3996 2137 4045 takes
2167 4012 2234 4060 up
2266 3997 2350 4045 the
2380 3997 2555 4045 thread
2587 3997 2644 4045 os
2673 3998 2728 4044 in

1574 4085 1743 4125 nostra
1768 4077 1944 4140 igitur.

1642 4175 1721 4209 21.
1769 4167 1971 4224 propter
1998 4160 2368 4223 inseparabilem
2395 4161 2464 4208 D.
2507 4160 2579 4218 V„
2616 4160 2730 4220 δια]

1580 4245 1674 4293 See
1719 4244 1804 4292 the
1850 4259 2028 4291 comm.
2076 4259 2141 4291 on
2183 4242 2298 4291 Gal.
2339 4242 2408 4290 iii.
2452 4244 2548 4301 283
2597 4242 2729 4305 Eph.

1577 4328 1610 4377 i.
1654 4342 1740 4384 103
1789 4326 1916 4375 Phil.
1954 4326 2006 4373 ii.
2051 4340 2125 4373 ιι.
2209 4325 2282 4371 Ei
2324 4340 2439 4386 may
2475 4326 2538 4372 be
2578 4324 2730 4371 taken

1579 4408 1698 4458 with
1739 4408 1895 4457 either
1930 4408 2058 4456 inest
2095 4422 2152 4454 or
2183 4407 2383 4462 um'lus,·
2424 4405 2489 4456 cs.
2529 4422 2578 4469 p.
2619 4419 2731 4467 271,

1579 4492 1630 4540 ll.
1666 4504 1738 4553 17,
1773 4493 1845 4540 18.
