3293 5233
566 390 696 440 210
1214 385 1672 439 THEonoRus
1718 385 2303 441 morsuEsTENUs
2763 373 2844 459 [Ι.
2876 389 2981 440 20.

563 557 816 642 gloriae
860 559 1283 643 splendorem
1332 579 1454 643 pro
1501 560 1707 625 modo
1757 560 1914 625 fidei
1963 560 2071 624 uel
2116 558 2421 624 laborum
2467 580 2507 624 a
2554 558 2806 642 Spiritu
2850 558 2978 623 sibi

564 661 799 725 itidem
831 661 972 725 dari
1010 662 1479 745 expectabant.
1567 663 1740 726 bene
1783 683 1940 745 ergo
1976 661 2643 726 subministrationem
2682 657 2980 742 Spiritus

563 760 756 838 dixit,
789 770 863 826 ut
915 762 1170 846 largam
1219 765 1593 828 mercedem
1644 765 2048 848 significaret
2098 771 2167 828 et
2219 763 2726 827 retributionum
2789 782 2978 845 mag·-

563 864 935 927 nitudinem
983 865 1188 944 illam,
1243 886 1443 948 quam
1499 865 1693 930 decet
1756 866 2080 949 Spiritum
2139 865 2444 929 tribuere.
2525 873 2595 929 et
2621 940 2628 946 .
2653 864 2972 946 quoniam

496 966 714 1047 slicet
773 987 1019 1051 magna
1076 971 1208 1032 sint
1268 969 1382 1033 illa
1440 990 1615 1052 quae
1673 979 2131 1052 expectantur,
2193 969 2310 1032 sed
2379 977 2448 1032 et
2505 966 2971 1032 tribulationes

560 1079 946 1150 praesentes
998 1091 1284 1155 magnae
1336 1081 1539 1147 erant,
1590 1073 1921 1154 siquidem
1975 1080 2044 1135 et
2100 1069 2270 1134 tales
2325 1070 2603 1134 insidiae
2651 1069 2973 1133 aduersus

559 1185 713 1234 eum
743 1171 831 1235 ab
860 1171 963 1235 his
992 1176 1105 1255 qui
1138 1173 1433 1236 eiusdem
1467 1172 1621 1237 fidei
1655 1183 1842 1237 erant
1872 1173 2476 1256 praeparabantur:

686 1325 1028 1390 secundum
1085 1327 1578 1408 desperationem
1639 1337 1702 1391 et
1758 1337 1928 1409 spem
1986 1348 2194 1390 meam
2246 1325 2403 1407 quia
2455 1325 2526 1388 in
2573 1324 2774 1388 nullis
2829 1346 2972 1389 con-

541 1428 826 1510 fundar,
862 1429 979 1493 sed
1012 1430 1085 1493 in
1122 1431 1303 1494 omni
1324 1430 1596 1513 fiducia,
1638 1431 1807 1494 sicut
1845 1440 2090 1512 semper
2129 1440 2192 1493 et
2232 1450 2403 1493 nunc
2443 1429 2976 1514 magnificabitur

456 1547 534 1596 10
565 1532 864 1600 Christus
892 1534 964 1598 in
991 1545 1240 1616 corpore
1268 1554 1416 1611 meo,
1446 1534 1585 1597 siue
1597 1543 1724 1615 per
1750 1533 1977 1611 uitam,
2008 1533 2146 1596 siue
2158 1544 2284 1614 per
2311 1543 2593 1596 mortem.

690 1651 1183 1732 desperationem
1237 1652 1579 1715 euidenter
1624 1651 1788 1715 illud
1833 1653 2013 1728 dicit,
2060 1651 2240 1733 quod
2300 1670 2568 1733 sperare
2625 1669 2759 1713 non
2817 1668 2973 1732 pos-

557 1754 667 1818 sit.
757 1753 902 1818 uult
931 1757 1108 1819 enim
1140 1757 1358 1820 dicere
1400 1756 1716 1838 quoniam
1758 1756 1948 1819 ‘licet
1979 1757 2047 1818 in
2077 1756 2283 1818 tantis
2314 1755 2729 1837 constringar
2758 1753 2969 1830 maIiS,

559 1871 633 1925 ut
670 1860 1017 1944 desperem
1056 1860 1140 1924 de
1185 1860 1664 1943 praesentibuS,
1708 1868 1777 1923 et
1817 1857 2069 1922 nullam
2110 1856 2533 1922 subrelictam
2576 1856 2738 1920 mihi
2779 1878 2971 1941 spem

557 1960 791 2026 salutis
816 1983 961 2025 esse
984 1963 1383 2038 existimem,
1405 1961 1523 2024 sed
1548 1971 1710 2025 tunc
1731 1982 1927 2044 spero
1947 1981 2080 2024 non
2101 1959 2434 2035 confundi,
2456 1958 2653 2024 ualde
2677 1961 2974 2037 edoctuS,

455 2079 525 2146 15
559 2068 875 2147 quoniam
908 2087 1189 2149 magnus
1236 2087 1354 2149 per
1392 2066 1505 2129 illa
1540 2086 1712 2148 quae
1758 2085 1914 2147 erga
1946 2085 2055 2128 me
2095 2074 2252 2128 sunt
2283 2064 2619 2127 uidebitur
2648 2062 2970 2138 ChristuS,

557 2169 699 2232 siue
760 2171 1001 2245 uiuam,
1054 2171 1196 2233 siue
1257 2170 1539 2247 moriar;
1604 2187 1821 2252 neque
1875 2177 2158 2232 mortem
2221 2187 2441 2231 meam
2502 2167 2640 2231 fieri
2705 2166 2972 2232 Christo

557 2276 864 2340 absolute
905 2274 1311 2338 concedente
1356 2282 1471 2337 aut
1519 2274 1726 2337 uane.’
1816 2282 1884 2337 et
1929 2273 2245 2355 quoniam
2291 2273 2466 2336 dixit
2507 2272 2664 2354 quia
2715 2271 2974 2353 mag-ni-

540 2379 863 2462 ficabitur
917 2376 1228 2455 Christus,
1291 2377 1419 2440 hoc
1484 2387 1712 2440 autem
1783 2376 2068 2439 necdum
2143 2375 2604 2459 probationem
2679 2375 2975 2439 habebat

561 2481 820 2546 illorum
871 2502 1043 2564 quae
1087 2502 1245 2563 erga
1290 2502 1442 2544 eum
1497 2491 1701 2556 erant,
1748 2479 2106 2543 ostendens
2152 2480 2467 2562 quoniam
2516 2488 2583 2543 et
2626 2478 2756 2542 hoc
2794 2480 2973 2542 suffi-

447 2601 534 2650 20
559 2586 738 2650 ciens
783 2585 871 2648 sit
911 2586 1036 2649 sibi
1079 2584 1133 2648 si
1179 2584 1480 2650 Christus
1522 2582 2076 2667 magnificabitur,
2117 2582 2402 2647 adiecit:

663 2786 684 2821 r
722 2770 945 2819 laborem
974 2771 1016 2819 C
1036 2770 1104 2819 H
1116 2787 1148 2819 r
1224 2755 1230 2760 “
1323 2785 1348 2818 2
1384 2769 1503 2818 dare
1531 2768 1601 2819 C*
1628 2770 1694 2819 H
1707 2786 1739 2817 r
1911 2754 1940 2819 '8
1975 2768 2396 2832 dispensationem
2425 2768 2469 2818 C
2488 2768 2558 2817 H
2567 2785 2600 2817 r

556 2852 900 2917 pensationem
927 2850 999 2900 C*
1066 2851 1465 2915 desparationem
1487 2852 1553 2900 H
1557 2851 1583 2876 ⁴*
1652 2851 2050 2915 desperationem
2080 2851 2123 2899 C
2145 2848 2287 2914 (corr)
2312 2850 2380 2898 H
2393 2850 2542 2911 (corr)

556 2949 635 2982 om
658 2942 699 2984 ν’
886 2946 944 2996 17
979 2933 1096 2998 quia
1116 2949 1193 2981 om
1218 2932 1286 2981 H

2787 2783 2839 2818 11
2875 2768 2972 2820 dis-

2758 2864 2814 2913 ¹3
2849 2852 2976 2903 mihi

627 3113 671 3161 3.
720 3096 1209 3162 largam...tribuere]
1234 3096 1509 3148 Lansranc:
1549 3096 1713 3161 “larg.

558 3195 708 3229 merc,
737 3178 995 3244 significat,
1024 3187 1262 3244 quantam
1286 3179 1334 3229 d.
1368 3180 1456 3243 Sp.
1481 3176 1578 3228 tr.”

626 3265 674 3313 8.
747 3279 832 3312 sec.
892 3260 1284 3326 desperationem]
1374 3260 1437 3310 Ο.
1501 3260 1562 3309 L.
1614 3260 1717 3309 and

559 3344 726 3408 Vulg„
760 3359 847 3392 sec.
880 3344 1284 3407 expectationem3
1323 3342 1593 3400 Ambrstr.‚
1627 3358 1715 3390 sec.

558 3425 1018 3488 contemplationem.
1132 3425 1556 3489 Dispensationem
1622 3440 1717 3473 can

560 3504 778 3568 scarcely
799 3503 926 3553 have
959 3506 1086 3555 been
1121 3505 1359 3555 intended
1386 3522 1441 3555 as
1468 3522 1498 3554 a
1522 3508 1717 3555 render-

562 3585 648 3648 ing
682 3585 756 3634 for
787 3586 877 3644 τὴν
906 3583 1307 3647 ἀποκαραδοκίαν.
1378 3587 1403 3636 I
1438 3588 1566 3637 have
1589 3588 1718 3637 little

561 3665 718 3714 doubt
750 3665 858 3714 that
886 3666 969 3715 the
1004 3674 1111 3716 true
1139 3667 1345 3731 reading
1377 3668 1420 3717 is
1453 3670 1717 3732 preserved

561 3746 612 3794 in
637 3744 720 3794 the
744 3760 924 3795 comm.
955 3745 1006 3805 (l.
1044 3746 1121 3805 ιι)
1146 3747 1247 3795 and
1270 3747 1377 3796 that
1410 3748 1460 3795 in
1496 3747 1580 3796 the
1614 3756 1717 3797 text

560 3826 930 3889 desperationem
968 3826 1058 3875 has
1095 3826 1224 3875 been
1257 3827 1445 3876 altered
1480 3828 1586 3876 into
1619 3828 1719 3875 dis-

549 3909 882 3972 pensationem
906 3908 971 3973 by
996 3924 1059 3957 an
1084 3908 1219 3972 early
1241 3909 1448 3973 copyist,
1474 3916 1525 3958 to
1549 3908 1716 3958 whom

561 3990 648 4038 the
677 3988 1038 4053 juxtaposition
1067 3989 1127 4039 os
1140 3990 1314 4053 desper.
1344 3990 1443 4038 and
1464 3996 1591 4053 spem
1616 4005 1719 4037 was

560 4072 872 4121 intolerable.
925 4072 1009 4122 On
1031 4069 1722 4135 droxapaaoxza=desperatzb

562 4170 645 4204 see
668 4161 784 4204 next
807 4162 942 4204 note.

633 4254 652 4287 1
666 4254 706 4287 1.
755 4238 1127 4302 desperationem
1153 4236 1409 4292 euidenter,
1435 4234 1550 4296 δια]
1632 4235 1712 4284 Cf.

563 4320 659 4369 Th.
670 4319 707 4368 's
730 4335 912 4369 comm.
937 4334 1003 4369 on
1030 4319 1178 4367 Rom.
1198 4318 1296 4366 viii.
1328 4333 1411 4383 19:
1444 4317 1724 4379 καραδοκεῖν

564 4402 761 4459 λέγεται
810 4400 868 4449 τὸ
922 4401 1150 4463 ἐλπίζειν·
1206 4397 1596 4458 ἀποκαραδοκεΐν,
1657 4398 1722 4447 τὸ

564 4478 1120 4544 ἀπελπίζειν...τοῦνο
1142 4476 1225 4529 οὖν
1245 4481 1397 4541 λέγει,
1438 4478 1523 4527 ὅτε
1557 4479 1588 4538 ἡ
1621 4479 1720 4528 xri·

1819 3114 1891 3147 σις
1924 3097 1981 3145 τό
2013 3114 2074 3158 ’γε
2107 3093 2180 3158 ἐφ’
2214 3096 2326 3156 ἡμῖν
2359 3094 2591 3145 πολλάκις
2622 3096 2686 3144 τὰ
2714 3092 2821 3145 καθ’
2849 3096 2975 3156 ἡμᾶς

1821 3179 2206 3227 άπελπίσασα
2267 3179 2449 3237 ταύτην
2505 3174 2826 3239 ἀπεκδέχεται
2878 3179 2977 3226 τῶν

1821 3258 2046 3311 ἁπάντων
2080 3261 2341 3322 διόρθωσιν,
2384 3261 2532 3309 ear-R.
2618 3260 2718 3310 Th.
2755 3260 2848 3309 has
2883 3259 2975 3309 im-

1820 3344 1996 3409 ported
2020 3344 2117 3393 this
2140 3344 2358 3407 singular
2380 3343 2756 3407 interpretation
2779 3343 2839 3393 of
2854 3340 2976 3391 ἀπο-

1819 3425 2076 3486 καραδοκία
2100 3424 2206 3473 into
2229 3423 2313 3472 the
2335 3431 2535 3486 present
2559 3439 2779 3488 passage,
2809 3421 2977 3472 which

1817 3506 1859 3554 is
1881 3505 1995 3554 thus
2018 3504 2164 3553 made
2189 3512 2240 3553 to
2271 3509 2468 3569 present
2502 3520 2533 3553 a
2565 3505 2686 3552 bold
2721 3504 2974 3569 paradox:

1820 3587 1876 3635 ‘1
1918 3603 1999 3635 am
2039 3586 2219 3634 moved
2259 3593 2311 3633 at
2346 3601 2470 3634 once
2501 3585 2571 3649 by
2603 3586 2735 3650 hope
2768 3586 2868 3634 and
2907 3585 2977 3650 by

1817 3666 2277 3730 despair—despair
2296 3667 2353 3714 of
2369 3667 2577 3731 worldly
2595 3667 2823 3732 security,
2843 3667 2978 3731 hope

1817 3747 1875 3796 of
1893 3748 1977 3796 the
1997 3747 2224 3796 ultimate
2247 3762 2438 3796 success
2460 3747 2520 3796 os
2541 3763 2626 3810 my
2649 3746 2774 3797 life's
2798 3745 2977 3798 work.’

1890 3829 1963 3878 16.
2021 3827 2425 3895 mortem..fieri]
2500 3830 2780 3879 lanfranc:
2818 3834 2849 3858 “
2866 3845 2977 3894 spe-

1819 3912 1960 3960 rabat
2007 3910 2139 3959 enim
2183 3910 2386 3960 Christo
2424 3911 2729 3960 concedente
2765 3918 2978 3961 mortem

1821 4006 1961 4040 suam
1983 4006 2087 4039 non
2111 3990 2216 4039 fieri
2241 3990 2468 4039 absolute
2490 3998 2575 4040 aut
2597 3989 2776 4040 uane.”

1892 4087 1962 4137 17.
1991 4075 2232 4139 quoniam
2254 4073 2621 4124 dixit...curam
2645 4073 2808 4135 habeo]
2849 4075 2983 4123 Lan·

1820 4153 1986 4204 franc:
2029 4155 2314 4219 “quoniam
2339 4154 2388 4204 d.
2418 4155 2535 4220 quia
2557 4171 2723 4219 magn.
2749 4156 2872 4206 Chr.
2891 4171 2982 4220 per

1820 4235 1991 4294 uitam,
2025 4251 2117 4284 nec
2150 4235 2280 4285 hanc
2315 4236 2458 4300 prob.
2495 4236 2725 4293 habebat,
2762 4236 2980 4286 adiecit:

1824 4317 1954 4365 mihi
1970 4317 2119 4372 enim,
2146 4317 2259 4377 διας
2293 4332 2454 4380 neque
2476 4317 2610 4366 enim
2633 4317 2675 4366 si
2698 4319 2879 4377 uiuam,
2906 4318 2981 4369 in-

1820 4413 1986 4462 quam,
2015 4398 2217 4449 alterius
2239 4398 2311 4449 rei
2333 4414 2502 4449 curam
2525 4397 2739 4448 habeo.”
