3293 5233
624 354 753 419 226

1283 364 1741 419 THEODORUS
1787 363 2274 417 MOPSUESTEN
2282 364 2373 416 US

2604 349 2725 435 [11.
2765 353 3040 432 15—18.

618 540 690 604 in
721 538 932 604 media
960 539 1371 623 generatione
1394 550 1618 623 praua
1646 547 1711 602 et
1732 549 2060 622 peruersa,
2093 536 2165 602 in
2195 531 2432 620 quibus
2464 536 2853 621 adpareattlr,
2870 539 3041 602 sicut

616 623 979 706 luminaria
1024 641 1095 705 in
1149 641 1401 718 mundo,
1455 642 1723 705 uerbum
1767 640 1943 704 uitae
1985 641 2325 704 retinentes
2368 640 2440 703 in
2481 639 2706 722 gloria
2750 639 2925 703 mila·
2966 640 3036 702 in

616 741 789 805 diem
839 741 1109 808 Clcrzlrtz'.

747 870 928 954 †‘sic
973 871 1150 935 enim
1199 872 1370 935 inter
1407 871 1667 935 medios
1709 870 2014 934 homines
2063 869 2231 947 illos,
2277 869 2389 952 qui
2437 869 2841 935 deteriorum
2889 868 3034 953 plu-

554 975 853 1064 5rimam
913 976 1166 1039 habent
1224 975 1761 1049 sollicitudinem,
1813 974 2220 1056 adparebitis
2273 972 2904 1057 inreprehensibileS‚
2968 983 3036 1038 et

617 1081 847 1165 quales
908 1079 1100 1144 decet
1159 1080 1480 1162 adparere
1540 1079 1692 1142 illos
1746 1079 1861 1161 qui
1923 1079 1987 1140 in
2040 1078 2272 1141 ordine
2332 1088 2489 1142 sunt
2550 1077 2835 1141 filiorum
2902 1078 3032 1141 Dei

615 1181 849 1257 effecti,
894 1183 986 1245 ita
1033 1191 1106 1245 ut
1150 1181 1503 1246 uirtutibus
1551 1181 1899 1257 inlustrati,
1932 1179 2262 1263 fulgentes
2309 1181 2480 1244 inter
2525 1179 2676 1243 illos
2717 1180 2802 1243 ad
2849 1181 3033 1244 simi-

613 1286 965 1350 litudinem
1012 1285 1529 1362 luminariorum,
1575 1293 2015 1368 expectantes
2074 1285 2648 1374 illamuaeternam
2698 1284 2909 1347 uitam
2967 1285 3031 1347 in

614 1388 836 1453 futuro
878 1388 992 1452 illo
1028 1389 1175 1468 die;
1236 1390 1302 1451 in
1336 1409 1469 1471 quo
1502 1398 1569 1452 et
1602 1388 1762 1451 mihi
1796 1386 2143 1470 proueniet
2173 1383 2476 1468 gloriari)

2569 1396 2636 1449 et
2667 1386 3033 1450 ostendens

512 1514 591 1562 10
614 1492 796 1577 quod
838 1492 1101 1556 illorum
1151 1503 1506 1576 prouectus
1546 1491 1831 1556 multam
1875 1501 1943 1555 et
1998 1490 2090 1553 illi
2138 1489 2504 1573 praestabit
2544 1489 2877 1568 fiduciam,
2917 1490 3035 1573 qui

614 1593 733 1657 fiet
777 1592 844 1657 in
888 1593 1125 1657 melius
1153 1592 1217 1658 ε*

744 1730 1051 1814 quoniam
1081 1750 1206 1793 non
1243 1729 1313 1792 iu
1353 1749 1627 1791 uacuum
1658 1727 1930 1803 cucurri,
1965 1748 2072 1789 nec
2115 1726 2186 1789 in
2223 1747 2498 1789 uacuum
2533 1724 2848 1790 laboraui.
2920 1726 3046 1790 sed

610 1836 735 1900 etsi
782 1836 950 1902 libor
994 1836 1067 1899 in
1121 1832 1437 1916 sacre-‘ficio
1487 1842 1550 1895 et
1588 1832 1931 1912 fimctt'one
1962 1830 2135 1914 fidei
2184 1840 2447 1906 uestrae,
2479 1830 2733 1913 gaudeo
2776 1840 2842 1893 et
2888 1851 3037 1893 con-

599 1942 853 2024 gaudeo
896 1940 1192 2004 omnibus
1230 1937 1449 2011 uobis,·
1498 1936 1782 2019 idipsum
1828 1945 2044 1999 autem
2084 1945 2146 1998 et
2189 1955 2303 1997 uos
2328 1934 2610 2017 gaudete
2649 1943 2713 1997 et
2753 1955 3033 2017 congau-

509 2060 530 2106 1
546 2058 577 2124 5
607 2046 745 2110 dete
788 2044 972 2109 milei.

739 2227 976 2299 ὀὕτως
1005 2228 1075 2294 ἐν
1101 2227 1280 2312 μέσῳ
1324 2230 1451 2294 τῶν
1481 2226 1857 2314 ἀνθρώπων,
1889 2227 1986 2299 οἶς
2015 2228 2168 2316 περὶ
2198 2228 2283 2293 τὰ
2312 2225 2578 2315 χείρονα
2607 2228 2784 2295 κατά
2822 2256 2903 2313 γε
2951 2229 3029 2296 τὸ

603 2336 927 2397 πλεῖστον
970 2330 1010 2412 ἦ
1062 2329 1342 2412 σπουδή,
1395 2328 1776 2418 φανήσεσθε
1822 2330 2150 2411 ἄμεμπτοι
2201 2330 2315 2397 καὶ
2366 2330 2534 2403 οἵους
2586 2331 2825 2420 πρέπει
2874 2335 3034 2415 φαί-

605 2433 832 2501 νεσθαι
861 2431 1007 2504 τοὺς
1036 2433 1104 2498 ἐν
1148 2432 1304 2499 υἱῶν
1347 2432 1534 2517 τάξει
1576 2433 1942 2516 «γεγονότας,
1972 2432 2054 2503 ὥς
2085 2432 2482 2518 διαλάμπειν
2511 2433 2681 2515 ὑμᾶς
2710 2434 2778 2500 ἐν
2808 2433 3030 2507 αὐτοῖς

604 2536 979 2625 φωστήρων
1025 2533 1205 2618 δίκην
1264 2534 1435 2601 κατὰ
1480 2535 1600 2619 τὴν
1648 2535 1902 2622 ἀρετήν·
1963 2533 2525 2625 ἀπεκδεχομένους
2585 2536 2706 2618 τὴν
2763 2536 3029 2604 αἰώνιον

495 2655 578 2703 20
607 2638 772 2723 ζωὴν
803 2641 871 2706 ἐν
899 2642 978 2724 τῇ
1007 2639 1350 2724 μελλούσῃ
1383 2638 1614 2727 ἡμέρᾳ.

1707 2638 1819 2724 ἀφ’
1854 2638 1928 2704 οὖ
1959 2639 2037 2722 δὴ
2074 2641 2186 2706 καὶ
2226 2639 2367 2720 ἐμοὶ
2411 2640 2486 2705 τὸ
2527 2643 2907 2727 καυχᾶσθαι
2939 2641 3029 2713 ὥς

602 2742 770 2812 εἰκὸς
813 2744 1375 2830 προσγενήσεται)
1466 2744 1577 2810 καὶ
1624 2742 1873 2814 δεικνὺς
1922 2743 2009 2814 ὥς
2051 2743 2316 2824 πολλὴν
2361 2745 2474 2811 καὶ
2532 2742 2707 2832 αὐτῷ
2752 2745 3026 2833 παρέξει

601 2846 721 2931 τὴν
750 2850 1123 2935 παρρησίαν
1150 2847 1191 2931 ἦ
1226 2849 1292 2913 ἐν
1321 2853 1456 2919 τοῖς
1484 2847 1833 2928 βελτίοσιν
1864 2845 2122 2913 ἐκείνων
2151 2846 2501 2935 προκοπή..
2519 2898 2562 2914 ..

700 3037 731 3081 4
766 3017 1060 3067 deteriorem
1091 3020 1133 3068 C
1146 3020 1212 3068 H
1222 3037 1282 3071 r:
1316 3027 1396 3069 tx!
1410 3036 1452 3084 g

601 3105 631 3152 8
666 3100 939 3166 expectatis
977 3101 1019 3149 C
1042 3099 1190 3163 (corr)

1698 3019 1730 3070 6
1763 3037 2004 3086 apparare
2046 3021 2112 3071 C*

1414 3116 1472 3151 10
1504 3101 1754 3166 profectus
1791 3102 1855 3167 νΙ
1886 3103 1975 3151 illa
2009 3118 2042 3150 r

2381 3033 2407 3084 7
2445 3022 2496 3071 in
2523 3022 2632 3085 (hof
2653 3021 2790 3082 uirt.)
2830 3023 2940 3072 add
2966 3024 3034 3072 Il

2251 3119 2307 3165 13
2343 3112 2391 3152 et
2418 3103 2534 3166 (sor
2553 3105 2667 3164 etsi)
2697 3105 2740 3155 C

608 3183 664 3234 16
698 3199 771 3248 sq.
803 3182 960 3232 Coisl.
987 3197 1099 3242 204,
1129 3182 1162 3230 s.
1197 3197 1285 3243 125
1311 3183 1344 3230 b
1385 3183 1492 3244 [Cr.
1522 3183 1635 3244 262]
1664 3182 1814 3234 ἄλλος
1853 3186 2020 3244 φησίν·
2055 3182 2203 3234 οὕτως
2235 3187 2440 3246 (φησὶν),
2471 3188 2621 3236 κ.τ.λ.

600 3338 734 3399 Aug.
754 3336 810 3385 in
835 3337 939 3384 Pss.
965 3350 1045 3401 93,
1073 3336 1163 3398 146
1179 3355 1192 3395 ;
1227 3353 1308 3385 see
1335 3336 1579 3386 Sabaticr.
1638 3338 1763 3386 Am·

601 3418 748 3466 brstr.
767 3418 866 3465 and
893 3417 1061 3466 Sedul.
1091 3420 1223 3466 Scot.
1254 3419 1326 3465 od
1343 3418 1392 3465 le.
1411 3419 1444 3466 l.
1470 3435 1617 3482 agree
1641 3419 1760 3467 with

599 3512 692 3544 our
736 3495 1000 3545 translator
1044 3496 1096 3543 in
1141 3497 1482 3559 representing
1537 3499 1639 3557 ἐμοὶ
1696 3499 1762 3561 by

601 3579 743 3627 mihi.

670 3672 711 3723 7.
786 3662 855 3708 ita
903 3667 959 3709 ut
1051 3662 1363 3725 expectantes]
1447 3663 1523 3712 Dr
1559 3665 1755 3729 Jacobi,

601 3744 716 3793 who
739 3745 881 3793 reads
909 3752 953 3792 et
979 3746 1257 3808 exspectetis,
1282 3756 1505 3811 suggests
1522 3749 1763 3812 fulgeatis

601 3823 676 3872 sor
694 3823 978 3887 ficlgmles:
1010 3825 1158 3873 while
1192 3825 1276 3874 the
1310 3835 1557 3876 corrector
1590 3828 1650 3877 of
1678 3829 1763 3878 the

603 3907 789 3955 Corbie
820 3907 929 3955 MS.
955 3908 1122 3955 would
1157 3909 1271 3957 read
1292 3909 1759 3974 fidgentes...expcc-

600 3990 723 4038 tetis.
792 3989 901 4038 The
926 3990 1187 4038 translator
1211 4007 1369 4040 seems
1393 3999 1445 4039 to
1470 3991 1595 4041 have
1619 3993 1760 4040 inad-

603 4074 847 4136 vertently
870 4074 958 4121 lest
982 4073 1064 4122 the
1088 4082 1318 4123 sentence
1336 4075 1545 4124 without
1568 4093 1597 4125 a
1623 4077 1760 4126 finite

603 4157 740 4210 verb,
764 4154 1034 4217 sorgetting
1055 4155 1162 4203 that
1193 4156 1257 4203 he
1290 4155 1389 4204 had
1424 4158 1664 4206 rendered
1702 4160 1762 4208 ὡς

603 4237 670 4299 by
703 4241 774 4283 ut.
842 4236 952 4283 The
986 4236 1151 4283 clause
1183 4242 1490 4298 expectantes,
1527 4238 1617 4287 ἃς.
1644 4253 1760 4302 may

602 4318 666 4367 be
716 4332 783 4366 an
830 4317 1108 4381 exposition
1166 4316 1224 4365 of
1264 4319 1533 4379 ἐπέχοντες,
1580 4323 1760 4380 κ.τ.λ.;

604 4399 667 4447 cf.
694 4398 887 4460 Chrys.:
923 4399 1186 4453 τουτέστιν,
1220 4400 1478 4456 μέλλοντες
1513 4401 1759 4458 ζήσεσθαι,

603 4478 698 4524 τῶν
723 4477 1000 4540 σωζομένων
1022 4478 1367 4536 ὄντες...αὺτὴν
1400 4482 1763 4540 κατέχοντες

1856 3337 1942 3400 [cs.
1979 3340 2238 3387 retinentes
2273 3337 2326 3399 (l.
2366 3337 2444 3397 2);
2486 3338 2655 3403 Vulg.‚
2699 3341 3021 3403 continentes]

1857 3421 1946 3479 τὴν
1969 3421 2111 3483 ζωήν.
2180 3421 2336 3469 Thdt.
2364 3420 2563 3485 departs
2597 3421 2726 3469 from
2760 3422 2858 3470 this
2892 3423 3022 3473 view

1857 3504 1960 3552 and
2003 3503 2204 3566 regards
2251 3504 2504 3563 ἐπέχοντες
2557 3506 3020 3566 αεεπροσέχοντες,

1856 3584 2014 3647 citing
2045 3599 2064 3632 1
2093 3583 2227 3631 Tim.
2254 3586 2315 3631 iv.
2349 3580 2424 3631 16.

1922 3682 1969 3729 9.
2039 3666 2094 3713 in
2117 3666 2232 3729 quo]
2274 3666 2352 3713 ‘in
2369 3681 2712 3730 consequence
2730 3666 2790 3716 of
2805 3667 3020 3731 which’;

1858 3764 1940 3796 sec
1964 3747 2068 3795 Gk.

1929 3843 1947 3876 1
1958 3845 2003 3891 3.
2051 3830 2140 3877 etsi
2156 3829 2343 3878 libor...
2359 3829 2628 3891 congaudeo
2643 3868 2693 3878 ...
2707 3833 3019 3895 congaudete]

1859 3910 1928 3957 So
1959 3910 2004 3957 T
2007 3918 2095 3958 ert.
2126 3912 2292 3972 Scorp.
2324 3925 2379 3972 13
2407 3911 2650 3968 (Ro‘nsch‚
2684 3912 2756 3960 AV.
2797 3912 2850 3961 T.
2903 3914 3019 3961 Ter-

1855 3990 2079 4047 tulliam,
2111 4007 2158 4053 p.
2190 3990 2324 4051 487).
2410 3990 2521 4038 The
2558 3989 2710 4053 Vulg.
2746 3992 3019 4054 (immolor)

1855 4071 2029 4119 misses
2083 4072 2166 4119 the
2223 4071 2366 4135 point
2416 4072 2474 4119 of
2523 4073 2801 4131 σπένδομαι,
2855 4075 3018 4125 which

1857 4153 1954 4202 Th.
1995 4154 2163 4217 brings
2200 4161 2287 4201 out
2326 4151 2832 4217 (“me...sanguinem
2872 4158 3020 4207 uobis

1856 4234 2212 4293 infundente;”
2247 4236 2309 4284 cs.
2338 4235 2540 4298 Chrys.:
2577 4235 2743 4297 ὥσπερ
2765 4238 3013 4296 σπονδὴ...

1854 4318 2085 4378 γίνομαι).
2159 4318 2338 4381 Comp.
2370 4317 2508 4366 T11.’s
2543 4333 2724 4366 comm.
2750 4318 2916 4367 below
2949 4336 3018 4368 on

1858 4414 1883 4447 2
1923 4399 2053 4446 Tim.
2087 4399 2149 4448 iv.
2181 4398 2228 4447 6.
2299 4399 2402 4447 For
2437 4400 2721 4460 συγχαίρειν
2753 4399 2837 4448 the
2864 4400 3016 4465 Vulg.

1854 4481 1945 4530 has
1978 4482 2324 4544 congratulari
2351 4481 2469 4530 here
2500 4497 2555 4529 as
2579 4482 2628 4529 in
2654 4481 2796 4530 Luke
2820 4482 2874 4539 i..
2905 4468 3018 4541 {ung
