3293 5233
443 2110 514 2177 15

554 388 677 469 156

1209 405 1257 454 T
1262 403 1667 455 HEODORUS
1714 402 2302 455 MOPSUESTENUS

2572 328 2734 471 {HL
2773 400 2963 468 5—9.

546 595 716 639 nunc
747 576 1100 640 reuelatum
1135 585 1233 642 est
1264 578 1508 642 sanctis·
1547 578 1848 661 apostolis
1878 578 2019 642 eius
2053 587 2119 641 et
2149 575 2494 659 prophetis,
2539 575 2611 639 in
2657 574 2920 657 Spiritu
2931 596 2962 648 ,-

541 701 672 744 esse
701 691 925 763 gentes
967 681 1287 745 coheredes
1329 692 1393 746 et
1434 682 1897 763 concorporales
1931 690 1996 744 et
2029 680 2478 762 conparticipes
2505 678 2965 762 promissionis

540 784 681 847 eius
709 784 780 847 in
817 783 1089 850 Christo.

672 932 801 996 hoc
840 935 1020 1015 quod
1062 934 1149 997 ab
1179 934 1470 1017 antiquis
1501 935 1773 1017 quidem
1809 933 2249 1016 ignorabatur,
2283 953 2459 996 nunc
2489 940 2716 996 autem
2748 933 2961 996 mani-

481 1053 512 1120 5
545 1036 785 1100 festum
818 1048 921 1100 est
948 1046 1012 1099 et
1037 1038 1336 1118 apostolis
1362 1048 1426 1100 et
1446 1037 1815 1118 proplietis;
1850 1036 2260 1118 ‘prophetas'
2293 1037 2523 1100 dicens
2556 1037 2701 1099 illos
2732 1037 2843 1119 qui
2876 1058 2961 1100 eo

544 1139 610 1199 in
661 1146 959 1218 tempore
1009 1137 1399 1220 prophetiae
1452 1139 1667 1220 gratia
1720 1139 1904 1219 digni
1960 1138 2169 1201 habiti
2220 1159 2363 1201 esse
2418 1139 2958 1203 ostendebantur.

543 1244 860 1326 quoniam
910 1242 1160 1324 placuit
1214 1242 1364 1305 Deo
1416 1252 1490 1306 ut
1543 1252 1777 1323 gentes
1819 1243 2356 1304 communionem
2402 1241 2696 1305 habeant
2741 1241 2960 1304 omnis

544 1344 998 1426 promissionis
1046 1364 1216 1426 quae
1264 1353 1367 1407 est
1419 1345 1485 1407 in
1541 1343 1824 1419 Christ0,
1878 1363 2052 1424 quae
2096 1352 2163 1405 et
2205 1352 2599 1424 expectatur
2644 1352 2717 1405 ut
2763 1361 2957 1404 suum

544 1444 803 1507 exitum
835 1454 1071 1508 sumat.

1162 1445 1313 1507 ideo
1345 1447 1597 1527 optime
1622 1445 1800 1508 dixit
1819 1443 1989 1507 sicut
1999 1444 2406 1526 praescripsi.

441 1546 611 1610 10in
662 1547 1105 1627 superioribus
1157 1548 1242 1609 de
1289 1546 1433 1622 hoe,
1465 1548 1783 1628 quoniam
1834 1566 2096 1627 magna,
2133 1556 2286 1608 sunt
2337 1546 2448 1609 illa
2498 1566 2669 1627 quae
2718 1545 2784 1607 in
2836 1564 2959 1607 nos

2494 1445 2759 1507 dixerat
2778 1445 2957 1506 enim

542 1656 700 1710 sunt
729 1668 769 1710 a
794 1648 944 1710 Deo
963 1647 1258 1725 conlata3
1291 1669 1570 1730 quorum
1604 1649 2183 1730 participationem
2215 1649 2417 1711 etiam
2449 1657 2682 1730 gentes
2713 1647 2958 1728 dignae

544 1752 813 1819 habitae
887 1763 1056 1817 sunt.

1176 1754 1419 1816 deinde
1476 1752 1706 1816 dicens
1769 1752 2175 1834 mysterium,
2248 1753 2522 1815 resumit
2578 1752 2831 1814 dictum
2896 1749 2964 1813 si

545 1869 759 1922 tamen
797 1858 1080 1922 audistis
1120 1857 1649 1939 dispensationem
1683 1855 1951 1939 gratiae
1988 1855 2111 1919 Dei
2136 1876 2296 1936 quae
2337 1854 2497 1918 data
2539 1864 2636 1917 est
2677 1853 2845 1917 milti
2886 1852 2959 1916 in

545 1959 723 2023 uobis
742 1980 763 2023 .·

660 2114 785 2185 per
823 2102 1244 2184 euangelium,
1281 2100 1463 2164 cuius
1481 2102 1714 2182 factus
1738 2122 1885 2163 sum
1914 2121 2024 2183 ego
2055 2099 2353 2163 minister
2378 2099 2719 2164 secundum
2749 2098 2959 2162 datio-

544 2227 686 2269 nem
707 2206 971 2288 gratiae
998 2203 1131 2267 Dei
1156 2224 1317 2285 quae
1343 2202 1504 2266 data
1531 2213 1625 2265 est
1654 2203 1822 2265 milti
1846 2201 2190 2264 secundum
2223 2201 2715 2282 inoperationem
2746 2199 2959 2262 uirtu-

544 2309 632 2371 tis
658 2309 807 2391 ejus.
899 2307 1067 2370 milti
1099 2306 1369 2370 minimo
1410 2307 1700 2369 omnium
1739 2316 2106 2369 sanctorum
2136 2305 2296 2369 data
2324 2316 2419 2369 est
2438 2305 2676 2388 gratia
2707 2305 2851 2382 ista,
2885 2304 2960 2368 in

532 2413 836 2494 gentibus
870 2410 1315 2493 euangelizare
1354 2410 1831 2493 inuestzgabiles
1864 2410 2143 2474 diuitias
2177 2408 2439 2485 Christi,
2471 2420 2533 2473 et
2561 2410 2960 2477 inluminare

543 2538 757 2580 omnes
800 2538 961 2599 quae
1004 2526 1163 2579 esset
1204 2515 1591 2597 dispensatio
1651 2514 1947 2595 mysterii
2001 2513 2176 2595 quod
2222 2512 2661 2577 absconditum
2703 2515 2859 2597 suit
2913 2536 2960 2579 a

435 2632 522 2680 20
542 2618 809 2681 saeculis
838 2618 909 2680 in
937 2616 1074 2681 Deo
1101 2616 1219 2700 qui
1244 2616 1462 2680 omnia
1491 2616 1752 2681 creauit.

707 2798 740 2848 9
771 2783 946 2849 scripsi
979 2785 1049 2836 H

543 2941 673 2989 have
718 2948 906 2997 notum,
949 2941 1194 3003 agnitum,
1243 2956 1301 2989 or
1341 2941 1592 3003 cognitum
1633 2945 1703 2987 est

547 3022 714 3086 (suit).
788 3022 888 3071 But
909 3022 960 3071 in
984 3038 1031 3070 v.
1063 3036 1123 3070 10
1149 3021 1268 3085 they
1289 3037 1435 3085 agree
1458 3021 1581 3069 with
1610 3036 1703 3069 our

1285 2799 1340 2834 η
1376 2784 1534 2834 habiti
1580 2783 1660 2834 C*
1677 2784 1744 2833 II
1765 2781 1773 2847 Ι
1802 2790 2017 2832 resumet
2057 2781 2136 2832 C*

2338 2792 2397 2844 17
2431 2780 2642 2830 istaom
2679 2781 2748 2830 H

1876 2953 1952 2987 12.
2019 2939 2226 2991 resumit
2271 2937 2480 2999 dictum]
2546 2937 2578 2987 i.
2599 2953 2667 2998 e.,
2716 2938 2804 2987 the
2846 2946 2955 2989 true

1799 3037 2043 3086 sequence
2067 3022 2137 3070 is:
2175 3023 2278 3080 εἱγε
2307 3021 2547 3078 ἠκούσατε
2575 3021 2666 3079 τὴν
2692 3021 2959 3077 οἰκονομίαν

546 3103 840 3153 translation
862 3104 914 3153 in
937 3103 1203 3167 rendering
1234 3102 1312 3151 ἵνα
1342 3101 1602 3164 γνωρισθῇ,
1644 3107 1706 3150 ut
1797 3099 1884 3159 riis
1914 3099 2115 3162 χάριτος
2146 3099 2233 3149 τοῦ
2268 3100 2377 3149 θεοῦ
2410 3100 2496 3159 τῆς
2532 3101 2748 3159 δοθείσης
2774 3118 2856 3160 μοι
2886 3104 2956 3151 εἰς

547 3187 830 3234 innotescat.

617 3280 661 3328 5.
723 3266 989 3330 prophetas
1018 3264 1181 3313 dicens
1210 3281 1300 3323 eos,
1339 3264 1457 3325 δια]
1513 3264 1698 3313 Thdt.:

548 3349 728 3395 πολλοὶ
781 3343 882 3407 ’γὰρ
937 3345 1066 3394 κατὰ
1125 3348 1210 3394 τὸν
1262 3347 1358 3393 τῶν
1414 3347 1702 3393 ἀποστόλων

548 3427 710 3490 καιρὸν
730 3429 1030 3489 προφητικῆς
1052 3428 1338 3475 ἀπέλαυσαν
1359 3428 1569 3487 χάριτος.
1631 3428 1701 3475 So

548 3507 721 3571 Thpht
758 3522 769 3553 :
806 3507 903 3554 τοῖς
924 3508 977 3554 ἐν
1010 3505 1074 3565 τῇ
1106 3506 1249 3566 καινῇ
1280 3509 1564 3567 προφήταις.
1637 3507 1701 3555 In

547 3607 590 3638 c.
616 3590 668 3638 ii.
690 3604 768 3645 20,
786 3589 952 3637 where
973 3588 1069 3637 Th.
1100 3588 1141 3637 is
1165 3588 1325 3645 silent,
1351 3589 1504 3637 Thdt.
1530 3589 1701 3637 denies

549 3670 635 3719 the
679 3669 926 3717 reference
982 3676 1035 3718 to
1079 3668 1164 3718 the
1219 3669 1458 3734 prophets
1507 3669 1565 3718 os
1614 3670 1700 3718 the

549 3749 793 3815 apostolic
817 3764 924 3812 age.

614 3849 661 3897 9.
729 3832 926 3880 dixerat
976 3833 1108 3880 enim
1164 3831 1221 3879 in
1275 3831 1410 3894 sup.]
1509 3831 1697 3879 Thdt.:

547 3911 640 3974 οὐχ
675 3912 734 3963 ὥς
767 3930 888 3962 τινες
929 3912 1176 3971 ὑπέλαβον
1217 3914 1342 3976 (e.g.
1385 3912 1584 3974 Chrys.)
1622 3909 1699 3959 ὅτι

549 3996 718 4059 ἑτέραν
746 3995 1011 4052 ἐπιστολὴν
1039 3995 1433 4055 γέγραφεν...καὶ
1462 3991 1561 4055 ’γὰρ
1588 3994 1698 4053 περὶ

546 4082 720 4127 τούτου
764 4078 870 4138 [sc.,
916 4078 1002 4124 τοῦ
1045 4074 1324 4135 μυστηρίου]
1371 4076 1700 4133 διεξελήλυθεν

546 4158 648 4206 ἀπὸ
670 4157 755 4206 τοῦ
777 4157 1022 4218 προοιμίου
1050 4157 1194 4214 μέχρι
1224 4155 1359 4201 τοῦδε
1388 4154 1474 4200 τοῦ
1503 4155 1694 4214 χωρίου.

547 4241 692 4296 Oec.,
708 4240 883 4302 taking
902 4238 984 4286 the
1010 4252 1144 4285 same
1163 4236 1290 4282 view
1313 4234 1370 4283 of
1389 4236 1695 4297 προέγραψα,

544 4322 767 4372 confines
793 4322 876 4369 the
901 4319 1148 4368 reference
1173 4326 1224 4365 to
1247 4332 1288 4367 c.
1320 4317 1370 4364 ii.
1404 4332 1475 4378 13,
1504 4333 1580 4380 sq.

617 4419 635 4451 1
650 4418 689 4453 1.
772 4402 1197 4464 participationem
1206 4437 1322 4448 ......
1329 4399 1522 4462 dignae]
1612 4398 1689 4448 Cf.

545 4483 763 4543 Ronsch,
791 4483 941 4537 Itala,
965 4497 1016 4546 p.
1041 4497 1155 4542 412.

1794 3179 2067 3239 ὖμίίς...διὰ
2120 3178 2208 3230 τοῦ
2256 3182 2560 3243 εὐαγγελίου,
2611 3185 2798 3231 emam
2867 3182 2954 3232 the

1798 3266 1962 3314 words
2001 3266 2077 3313 ὅτι
2121 3262 2250 3313 κατὰ
2288 3262 2717 3326 οἷποκάλυψιν...ἐν
2752 3260 2826 3325 τῷ
2858 3265 2951 3327 Χρ.

1797 3346 1950 3410 being
1993 3346 2318 3410 explanatory
2352 3345 2453 3394 and
2497 3346 2819 3410 parenthetic.
2890 3346 2954 3395 In

1797 3427 1896 3476 this
1942 3428 2068 3477 view
2112 3426 2212 3475 Th.
2254 3427 2443 3482 stands,
2492 3425 2517 3475 1
2559 3426 2768 3488 believe,
2806 3427 2955 3478 alone

1795 3523 1982 3570 among
2003 3507 2091 3556 the
2116 3508 2216 3556 Gk.
2242 3514 2645 3556 commentators.

1868 3603 1941 3649 15.
2009 3587 2279 3649 dationem]
2345 3587 2409 3636 Ο.
2440 3587 2520 3644 L.‚
2552 3589 2651 3637 and
2676 3587 2849 3651 Vulg.,
2871 3587 2954 3636 do·

1795 3684 1940 3718 num.

1861 3768 1940 3801 20.
2007 3753 2101 3816 qui
2142 3755 2310 3801 omnia
2352 3752 2570 3814 creauit]
2646 3754 2759 3802 The
2801 3754 2951 3803 omis-

1794 3834 1903 3881 sion
1940 3833 1998 3882 of
2024 3842 2118 3896 per
2161 3834 2324 3883 Iesum
2369 3834 2491 3883 Chr.
2532 3834 2573 3881 is
2619 3834 2947 3894 remarkable,

1792 3915 1928 3964 since
1965 3915 2048 3964 the
2093 3916 2258 3965 words
2304 3913 2379 3963 διιί
2413 3912 2576 3974 Ἰησοῦ
2618 3915 2832 3975 Χριστοῦ
2868 3932 2952 3964 oc-

1793 3997 1967 4045 curred
2004 3996 2055 4044 in
2096 3996 2182 4044 the
2221 4005 2325 4046 text
2360 4012 2415 4044 as
2452 3997 2638 4045 known
2678 4004 2732 4046 to
2767 3998 2946 4061 ChryS.

1793 4079 1894 4126 and
1933 4077 2108 4137 Thdt„
2153 4077 2229 4126 for
2267 4079 2384 4142 they
2419 4094 2503 4127 are
2546 4079 2844 4142 expounded
2885 4080 2956 4143 by

1793 4157 1933 4206 both.
2005 4158 2052 4205 It
2076 4174 2191 4221 may
2214 4158 2278 4206 be
2301 4160 2398 4208 due
2429 4167 2481 4208 to
2513 4158 2598 4207 the
2627 4159 2871 4208 influence
2901 4158 2962 4208 of

1794 4236 1879 4285 the
1898 4236 2048 4300 Vulg.
2068 4252 2203 4300 upon
2230 4237 2313 4286 the
2330 4237 2469 4286 mind
2488 4237 2546 4287 os
2562 4238 2647 4286 the
2669 4238 2950 4287 translator.

1794 4316 1934 4367 Th.’s
1975 4326 2241 4374 comment,
2283 4319 2532 4377 however,
2582 4320 2747 4383 points
2786 4319 2953 4369 rather

1793 4404 1846 4446 to
1887 4398 1971 4447 the
2006 4398 2217 4447 absence
2262 4399 2320 4447 of
2356 4399 2441 4447 the
2484 4399 2650 4447 clause
2692 4398 2820 4448 from
2866 4400 2952 4450 the

1792 4481 2019 4545 original.
