3293 5233
572 406 691 471 162

568 590 748 672 quod
782 588 887 653 uel
919 588 1216 653 maxime
1250 588 1580 652 inhabitat
1615 588 1839 653 Deus?
1912 598 1981 652 et
2011 597 2157 651 orat
2188 586 2412 651 taliter
2440 607 2560 669 pro
2593 587 2737 651 illis.

1212 417 1669 471 THEODORUS
1715 416 2301 471 MOPSUESTENUS

2546 399 2710 487 [111.
2745 418 2847 479 20,
2882 416 2982 463 21.

2825 596 2982 669 post

566 693 979 775 propositam
1030 692 1284 774 gratiae
1322 691 1766 755 narrationem
1813 690 2151 754 concludit
2191 691 2611 773 dogmaticos
2642 711 2982 754 sermones

567 797 690 859 sub
732 796 951 877 specie
987 796 1348 877 gratiarum
1396 794 1693 869 actioniS,
1727 812 1807 855 eo
1838 794 2016 874 quod
2050 803 2118 856 et
2149 794 2273 856 sub
2305 793 2422 857 tali
2455 794 2676 875 specie
2708 794 2979 876 exposi-

567 898 817 959 tionem
849 915 1078 959 eorum
1110 895 1341 959 secisse
1372 896 1652 960 uidetur.

1742 895 1985 977 quibus
2016 894 2255 958 adicit:

692 1058 757 1122 ei
798 1069 1014 1123 autem
1061 1058 1179 1141 qui
1206 1068 1432 1141 potens
1479 1070 1576 1123 est
1617 1070 1810 1141 super
1856 1057 2078 1123 omnia
2114 1059 2341 1139 facere
2383 1054 2986 1137 superabundanter

563 1181 724 1244 quae
736 1163 1023 1243 petimus
1049 1173 1170 1226 aut
1197 1163 1637 1244 intellegimus,
1669 1161 2012 1225 secundum
2043 1162 2354 1225 uirtutem
2383 1181 2579 1242 quam
2612 1160 2980 1242 inoperatus

563 1274 658 1327 est
706 1263 777 1326 in
829 1265 1046 1339 nobis,·
1092 1264 1219 1346 ipsi
1233 1264 1456 1347 gloria
1486 1264 1557 1328 in
1584 1264 1836 1327 ecclesia
1866 1263 1937 1326 in
1974 1260 2228 1327 Christo
2268 1262 2431 1339 Iesu,
2464 1262 2536 1325 in
2576 1280 2792 1324 omnes
2821 1268 2979 1339 pro·

556 1367 779 1450 genies
811 1368 1048 1431 saeculi
1072 1369 1487 1432 saeculorum.
1571 1388 1778 1431 amen.

699 1502 1089 1584 ‘praestabit
1133 1502 1315 1564 enim·
1358 1502 1485 1564 ista
1527 1500 1714 1563 Deus
1754 1501 1867 1582 qui
1899 1510 2138 1582 potens
2168 1511 2269 1566 est
2300 1510 2369 1563 et
2400 1500 2526 1564 ista
2557 1510 2625 1564 et
2655 1499 2982 1582 ampliora

467 1622 545 1670 10
567 1605 780 1668 facere
818 1606 903 1668 ab
949 1605 1078 1667 illis
1118 1625 1289 1687 quae
1325 1604 1615 1686 petimus
1635 1612 1713 1666 et
1759 1603 2222 1685 intellegimuS,
2253 1605 2368 1686 qui
2402 1606 2467 1668 in
2501 1603 2628 1667 illis
2659 1624 2830 1686 quae
2861 1622 2984 1685 per

570 1704 907 1769 Christum
950 1726 1107 1788 erga
1141 1706 1488 1769 ecclesiam
1528 1705 1706 1768 facta
1744 1714 1898 1768 sunt
1944 1727 2061 1787 per
2090 1707 2386 1789 singulas
2416 1707 2880 1789 generationes
2910 1714 2979 1768 et

567 1827 684 1888 per
713 1827 911 1870 omne
949 1807 1284 1870 saeculum
1325 1806 1652 1888 gloriosus
1697 1827 1841 1869 esse
1878 1817 1946 1870 et
1977 1808 2238 1871 uidetur
2268 1819 2335 1872 et
2365 1806 2730 1872 uidebitur.’

2821 1826 2977 1870 nam

566 1910 745 1988 quod
777 1909 971 1984 dixit,
1000 1908 1062 1971 ei
1088 1919 1301 1970 autem
1331 1908 1449 1990 qui
1477 1918 1705 1988 potens
1732 1920 1827 1972 est
1851 1920 2042 1991 super
2068 1910 2289 1974 omnia
2316 1912 2557 1993 facere,
2590 1912 2844 1974 dictum
2876 1919 2979 1972 est

563 2022 779 2074 autem
809 2008 952 2075 κατ’
984 2007 1309 2096 ἔλλειψιν.
1384 2012 1561 2093 quod
1605 2012 1783 2074 enim
1818 2013 1962 2076 uult
1992 2014 2226 2090 dicere,
2261 2015 2393 2078 iam
2426 2016 2492 2077 in
2524 2014 2978 2097 praecedenti-

676 2303 695 2337 1
735 2293 849 2351 post
870 2302 947 2336 om
971 2288 1039 2336 Η

562 2383 640 2416 om
664 2367 731 2415 Η

563 2448 825 2512 catelipsin
852 2449 894 2499 C
902 2448 928 2473 ¹*
957 2449 1236 2514 (catalipsin
1265 2453 1306 2500 C
1329 2450 1495 2515 (corr))

634 2618 678 2654 1.
736 2611 852 2669 post
888 2606 1207 2669 propositam,
1261 2606 1375 2670 δια]
1443 2607 1723 2658 Lanfranc:

567 2690 729 2750 “post
752 2687 943 2750 gratiae
974 2689 1310 2738 narrationem
1339 2698 1447 2738 orat
1478 2706 1571 2754 pro
1603 2689 1717 2750 illis,

565 2777 613 2817 et
643 2769 735 2817 sub
766 2769 983 2832 speciem
1009 2770 1195 2833 [spem:
1215 2770 1268 2834 f.
1293 2771 1458 2835 specie
1481 2772 1580 2832 cd.]
1611 2788 1723 2834 gra·

563 2850 743 2898 tiarum
785 2851 1089 2900 concludens
1127 2853 1439 2916 dogmaticos
1472 2868 1725 2901 sermones

563 2930 736 2995 incipit
777 2931 1017 2981 ethicos.’'
1086 2934 1240 2982 Card.
1284 2934 1419 2981 Pitra
1454 2935 1583 2982 edits
1623 2938 1724 2982 “et

562 3026 664 3065 erat
691 3017 797 3075 (sic)
824 3015 986 3064 taliter
1011 3030 1103 3079 pro
1139 3015 1252 3064 illis.
1340 3015 1459 3063 Post
1494 3014 1578 3076 [es.
1603 3016 1720 3078 spic.

562 3101 761 3149 Solesm.
814 3099 845 3148 i.
896 3097 1011 3160 568]
1058 3097 1328 3162 positam‚’'
1374 3100 1463 3147 ἃς.
1538 3100 1720 3162 Comp-

562 3198 610 3245 p.
648 3196 752 3244 114.
827 3182 1092 3229 Theodore
1126 3197 1298 3229 means
1333 3188 1383 3228 to
1416 3197 1531 3244 say:
1577 3181 1722 3229 ‘The

551 3263 749 3325 gratiae
790 3263 1019 3309 narratio
1054 3262 1219 3309 which
1254 3262 1445 3309 formed
1486 3262 1571 3310 the
1606 3263 1722 3311 sub·

559 3352 729 3393 stance
757 3343 814 3391 of
833 3343 917 3391 the
939 3342 1199 3404 dogmatici
1218 3358 1455 3390 sermones
1477 3344 1600 3391 ends
1626 3343 1714 3406 (iii.

562 3424 643 3488 20)
668 3442 723 3473 as
753 3425 791 3472 it
827 3426 989 3487 began
1027 3424 1078 3483 (i.
1124 3426 1170 3483 3)
1208 3424 1329 3471 with
1362 3440 1393 3472 a
1430 3428 1719 3488 gratiarum

558 3504 716 3553 adeost
789 3504 965 3567 Chrys».
1007 3504 1195 3552 further
1231 3506 1451 3553 remarks
1492 3506 1598 3554 that
1635 3507 1720 3554 the

560 3603 737 3650 prayer
762 3587 819 3634 of
843 3587 872 3634 i.
910 3599 966 3648 ¹7
994 3588 1034 3634 is
1057 3586 1288 3650 virtually
1311 3588 1544 3651 repeated
1570 3588 1621 3635 in
1645 3589 1714 3637 iii.

567 3670 622 3716 18
649 3670 783 3728 (ὅπερ
807 3667 1067 3728 ἀρχόμενος
1094 3671 1286 3725 ηὔξατο,
1310 3672 1457 3717 τοῦτο
1486 3671 1566 3719 καὶ
1593 3667 1713 3728 νῦν).

626 3764 674 3810 5.
721 3751 1064 3812 superomnia]
1084 3752 1245 3813 Super
1259 3751 1298 3799 is
1321 3753 1543 3815 wanting
1565 3754 1613 3800 in
1634 3754 1719 3801 the

561 3832 711 3880 Latin
746 3832 981 3880 versionS.
1054 3833 1225 3891 Th‹lt.‚
1256 3850 1310 3881 as
1345 3835 1527 3892 ednod,
1568 3835 1717 3883 omits

559 3913 679 3971 ὑπὲρ
712 3912 872 3961 πάντα.
907 3914 978 3960 ad
996 3913 1043 3961 Ιι.
1073 3914 1128 3972 l.‚
1160 3915 1247 3962 but
1272 3916 1414 3962 reads
1446 3915 1529 3963 the
1554 3917 1717 3963 words

560 3995 848 4044 elsewhere.
916 3994 1066 4043 Thdt.
1130 3995 1230 4043 and
1289 3995 1408 4044 Oec.
1462 4006 1715 4045 comment

557 4092 694 4139 upon
732 4076 884 4135 them,
929 4076 1013 4124 the
1054 4076 1236 4123 former
1275 4076 1581 4140 remarking:
1633 4080 1716 4125 δύο

560 4158 830 4218 ὑπερβολὰς
874 4158 1080 4215 τίθησιν·
1127 4157 1184 4205 τὸ
1226 4156 1369 4218 ὑπὲρ
1408 4156 1596 4206 πάντα
1634 4161 1715 4206 καὶ

557 4239 612 4285 τὸ
640 4237 1064 4299 ὑπερεκπερισσοῦ.

621 4318 666 4367 6.
738 4334 887 4381 quam
930 4318 1059 4380 inop.
1099 4318 1187 4378 est]
1261 4319 1371 4366 The
1422 4320 1567 4368 Latin
1609 4336 1716 4367 ver·

558 4401 692 4449 sions
729 4402 970 4465 correctly
1012 4402 1187 4450 render
1219 4418 1342 4465 quae
1378 4403 1487 4463 [but
1523 4403 1712 4453 Amiat.

558 4485 726 4541 (corr.)
781 4484 954 4546 quam]
1021 4491 1261 4545 oprralur.
1360 4485 1470 4532 'she
1528 4486 1714 4532 double

1267 2304 1294 2338 α
1330 2289 1617 2353 dogmatico
1641 2305 1869 2339 sermone
1892 2292 1961 2339 H

901 2383 956 2416 12
992 2383 1197 2416 omnem
1227 2369 1297 2418 C*
1331 2367 1339 2433 Ι
1368 2370 1622 2419 uideretur
1645 2371 1758 2433 (sor
1777 2371 1994 2430 uidetur)
2023 2369 2102 2420 C*

1594 2454 1781 2502 dictum
1804 2461 1878 2502 est
1902 2452 2163 2517 catelipsin
2184 2454 2252 2502 H
2270 2451 2277 2516 Ι
2310 2461 2410 2502 tam
2436 2453 2550 2516 (Jbr
2569 2452 2690 2516 iam)
2714 2454 2782 2501 H

464 2129 532 2196 15
565 2112 690 2175 bus
721 2133 761 2175 a
794 2113 985 2175 nobis
1016 2113 1269 2176 dictum
1301 2123 1401 2174 est
1433 2112 1865 2179 manifestius.

2193 2305 2226 2354 9
2259 2299 2309 2340 et
2333 2291 2428 2340 ista
2447 2306 2525 2339 om
2556 2292 2601 2340 C
2623 2289 2631 2354 Ι
2661 2299 2710 2340 et
2734 2291 2980 2355 ampliora

2304 2385 2380 2433 13,
2411 2386 2467 2431 14
2502 2371 2692 2419 dictum
2715 2377 2790 2420 est
2811 2380 2980 2421 autem

1820 2625 1955 2659 error
1973 2626 2027 2657 as
2049 2615 2102 2658 to
2119 2610 2260 2658 voice
2277 2607 2378 2656 and
2403 2615 2542 2657 tense
2565 2606 2672 2657 into
2695 2606 2860 2657 which
2887 2624 2980 2657 our

1820 2690 2084 2739 translator
2100 2689 2191 2738 has
2209 2690 2361 2739 fallen
2385 2691 2425 2737 is
2449 2690 2665 2754 perhaps
2686 2690 2784 2739 due
2810 2690 2976 2753 partly

1818 2780 1872 2820 to
1915 2773 2058 2822 Th.'s
2103 2788 2284 2821 comm.
2337 2774 2543 2836 (“quae
2588 2788 2677 2835 per
2721 2772 2978 2820 Christum

1819 2870 1936 2917 erga
1972 2854 2231 2903 ecclesiam
2274 2853 2405 2902 facta
2439 2852 2634 2915 sunt”),
2677 2855 2837 2917 partly
2863 2863 2915 2902 to
2945 2868 2976 2904 a

1818 2938 2171 2985 reminiscence
2205 2935 2263 2984 of
2287 2951 2330 2983 c.
2355 2936 2386 2983 i.
2416 2951 2480 2985 20
2511 2933 2590 2997 (ἦν
2626 2933 2891 2997 ἐνήργηκεν
2927 2937 2979 2983 ἐν

1820 3019 2038 3080 Χριστῷ)
2096 3018 2276 3074 which,
2335 3018 2458 3066 with
2525 3018 2610 3066 the
2667 3017 2839 3080 Vulg.,
2909 3017 2975 3067 he

1820 3101 2020 3148 renders
2053 3114 2202 3162 quam
2233 3105 2456 3161 operalm·
2485 3104 2553 3146 est
2579 3097 2636 3146 in
2666 3099 2788 3146 Chr.
2859 3097 2910 3145 It
2934 3097 2976 3147 is

1818 3182 2128 3229 remarkable
2160 3180 2266 3230 that
2294 3196 2424 3229 none
2449 3179 2506 3228 of
2536 3180 2621 3229 the
2645 3179 2814 3228 Greek
2838 3195 2978 3228 oom-

1819 3272 2090 3313 mentators
2112 3264 2258 3327 bring
2280 3271 2367 3312 out
2391 3263 2475 3312 the
2498 3262 2633 3311 force
2658 3262 2717 3311 os
2733 3261 2817 3311 the
2841 3278 2974 3325 pres.

1819 3352 1942 3409 part.
2014 3343 2094 3394 Cs.
2151 3361 2195 3394 e.
2233 3360 2281 3407 g.
2334 3345 2550 3408 Thpht.:
2608 3344 2876 3404 ἐνήργησεν
2923 3341 2979 3391 ἐν

1817 3427 1931 3486 ἡμῖν
1966 3425 2159 3488 μεγάλα
2200 3429 2279 3474 καὶ
2304 3424 2511 3486 ἐξαίσια,
2547 3424 2831 3484 υῑοθετήσας
2865 3427 2988 3475 τοὺς·

1818 3506 2016 3568 ἐχθροὺς
2039 3507 2185 3555 αὑτοῦ
2208 3505 2432 3556 ἑθνικούς.

1886 3602 1929 3651 7.
1998 3589 2054 3636 in
2099 3589 2287 3636 ccclesia
2334 3588 2389 3636 in
2441 3588 2563 3636 Clzr.
2600 3588 2674 3648 J.]
2744 3586 2808 3635 In
2838 3601 2980 3636 com-

1816 3687 1934 3719 mon
1964 3671 2082 3719 with
2120 3670 2203 3720 the
2237 3678 2335 3719 rest
2367 3670 2426 3719 of
2459 3670 2543 3719 the
2579 3670 2678 3719 Gk.
2721 3685 2977 3719 commen-

1816 3762 1969 3801 tators
1993 3752 2090 3800 Th.
2116 3752 2265 3800 omits
2290 3752 2367 3799 καὶ
2391 3750 2560 3800 before
2586 3750 2638 3799 ἑν
2665 3751 2723 3798 Χ.
2751 3748 2811 3798 Ἰ.

1869 3833 2138 3895 progenies]
2173 3832 2343 3895 Vulg.,
2362 3832 2705 3894 generationes.
2732 3830 2812 3879 Cf.
2834 3831 2978 3880 how-

1815 3932 1930 3965 ever
1975 3916 2118 3964 Luke
2155 3916 2188 3963 i.
2228 3931 2306 3977 50,
2353 3915 2497 3977 Vulg.
2552 3915 2636 3977 (εἰς
2678 3912 2846 3975 γενεὰς
2893 3918 2979 3964 καὶ

1813 3994 2034 4057 yonis:
2049 3997 2102 4044 in
2119 3997 2373 4059 progenies
2394 4003 2436 4044 et
2449 3993 2634 4058 praga).

1887 4092 1960 4139 13.
2027 4078 2207 4124 dictum
2235 4083 2302 4125 est
2335 4085 2502 4124 autem
2534 4073 2640 4123 κατ’
2666 4072 2798 4135 ἑλλ.]
2862 4075 2972 4126 Le.

1817 4159 1954 4207 ‘The
1987 4160 2038 4205 δέ
2070 4159 2109 4206 is
2145 4158 2413 4221 elliptica13
2452 4158 2487 4206 it
2522 4157 2723 4218 glances
2753 4156 2886 4205 back
2921 4165 2978 4207 at

1812 4240 1897 4289 the
1917 4241 2111 4288 various
2135 4256 2333 4287 reasons
2361 4238 2434 4286 for
2458 4238 2814 4301 thanksgiving
2835 4255 2978 4303 upon

1814 4322 1976 4370 which
2014 4321 2096 4370 the
2133 4323 2233 4384 Ap.
2259 4321 2348 4368 has
2385 4319 2618 4381 enlarged
2655 4319 2705 4367 in
2742 4318 2827 4367 the
2861 4335 2976 4383 pre-

1812 4403 1994 4465 ceding
2024 4402 2290 4466 chapters.’
2359 4401 2469 4449 The
2499 4391 2773 4449 correction
2804 4400 2854 4449 in
2889 4402 2978 4451 the

1813 4486 1996 4532 Corbie
2023 4485 2134 4532 Ms.
2157 4500 2314 4532 seems
2339 4490 2390 4531 to
2415 4483 2555 4545 point
2580 4491 2634 4531 to
2653 4480 2777 4529 nard
2802 4483 2977 4543 λῆψιν,
