3293 5233
601 392 687 459 50
1264 391 1720 447 THEODORUs
1768 391 2352 448 MOPSUESTENUS
2589 379 2745 465 [111.
2782 397 2882 459 21,
2915 396 3013 445 22.

598 562 907 629 omnibus
967 564 1404 648 comprobare
1452 563 1739 630 festinat.
1828 565 2057 630 dicens
2103 572 2330 629 autem
2382 566 2729 649 apostolus
2775 565 3014 630 suffici-

597 677 786 732 enter
825 668 892 732 in
930 667 1476 752 praecedentibus
1506 666 1673 750 legis
1703 669 2183 746 necessitatem,
2216 670 2495 735 adiecit:

728 801 831 865 lex
870 821 1019 884 ergo
1061 801 1377 864 aduersus
1403 799 1738 882 promissa
1780 800 1955 865 Dei?
2042 801 2229 868 absit.

728 935 894 1000 haec
940 956 1097 1019 ergo
1143 936 1285 1000 eius
1330 942 1432 999 est
1470 935 1850 1012 necessitas,
1892 956 2026 1000 non
2068 944 2144 1001 ut
2184 937 2456 1004 euoluat
2495 940 2624 1004 Dei
2664 939 3008 1023 promissa.

536 1049 686 1118 sex
733 1039 893 1121 ipsis
937 1039 1135 1102 rebus
1180 1037 1540 1101 ostendens
1587 1037 1776 1101 illum
1823 1058 1970 1103 esse
2016 1060 2288 1105 uerum:

724 1190 792 1253 si
823 1190 1093 1275 (inquit)
1129 1190 1292 1254 data
1313 1190 1566 1271 ficisset
1600 1190 1704 1254 lex
1735 1211 1902 1273 quae
1918 1201 2184 1274 poterat
2219 1193 2572 1277 m'uzficare,
2612 1214 2760 1257 uere
2793 1194 3012 1275 utique

593 1310 671 1353 ex
711 1291 842 1373 lege
881 1302 1042 1356 esset
1083 1292 1362 1359 iustitia.
1449 1294 1568 1358 sed
1602 1294 1912 1358 conclusit
1949 1294 2275 1377 scriptura
2318 1296 2541 1360 omnia
2582 1297 2701 1361 sub
2738 1305 3008 1378 peccato,

594 1403 671 1458 ut
694 1396 1046 1477 promzlrsz'o
1087 1418 1168 1460 ex
1190 1396 1336 1481 fide
1376 1395 1526 1461 Iesu
1575 1396 1831 1463 Christi
1867 1396 2060 1462 detur
2096 1398 2513 1465 credentibus.

723 1524 888 1608 †‘si
934 1527 1207 1609 quidem
1253 1524 1408 1590 talis
1453 1527 1679 1609 aliqua
1725 1527 1936 1591 uirtus
1982 1526 2213 1592 aderat
2245 1527 2394 1612 legi,
2429 1536 2503 1593 ut
2544 1528 2673 1592 illis
2719 1530 2831 1613 qui
2877 1528 3003 1593 sub

494 1646 573 1695 10
592 1647 666 1692 se
710 1630 1282 1694 conuersabantur
1325 1630 1613 1694 fructum
1665 1640 1733 1694 et
1787 1630 2274 1696 iustificationis
2327 1641 2396 1697 et
2453 1643 2765 1699 aeternae
2826 1635 3004 1698 uitae

592 1732 890 1797 conferre
935 1742 1203 1816 posset;
1271 1732 1663 1816 intercipere
1717 1734 1949 1817 utique
2008 1735 2516 1817 promissionem
2562 1746 2825 1819 poterat
2872 1738 3003 1815 lex,

592 1838 738 1921 ipsa
798 1858 920 1920 pro
981 1837 1094 1901 illa
1156 1845 1504 1921 praestans
1564 1837 1759 1900 nobis
1820 1837 2379 1903 iustificationem.
2491 1860 2665 1905 nunc
2712 1864 2868 1906 uero
2913 1863 3000 1905 ex

592 1946 921 2013 contrario
968 1952 1316 2007 execratur
1360 1942 1632 2025 quidem
1678 1951 2070 2023 peccatum3
2118 1944 2396 2008 liberare
2443 1965 2600 2008 uero
2645 1968 2684 2009 a
2727 1958 3003 2029 peccato
3282 1948 3285 2101 Ι

592 2069 726 2113 non
773 2045 1118 2131 praeualet
1171 2065 1305 2118 eos,
1353 2044 1466 2125 qui
1521 2051 1795 2126 propter
1846 2053 2123 2107 naturae
2178 2045 2633 2109 infirmitatem
2689 2058 3003 2112 corruunt

489 2164 559 2229 15
592 2152 657 2214 in
703 2159 1000 2234 peccat0.
1090 2167 1210 2230 per
1253 2166 1425 2228 quae
1462 2145 1634 2209 hanc
1673 2147 1890 2228 magis
1928 2147 2146 2228 arguit
2188 2147 2639 2211 infirmitatem
2678 2158 2998 2229 nostram,
3284 2110 3287 2207 i

589 2272 794 2333 quam
841 2249 928 2313 ad
969 2246 1505 2312 iustificationem
1549 2245 1895 2322 habemus,
1933 2246 2157 2323 imm0‚
2200 2257 2275 2310 ut
2315 2248 2574 2329 plenius
2615 2249 2851 2321 dicam,
2900 2251 2998 2312 in-
3286 2262 3289 2331 ’ῃ

587 2350 1144 2435 possibilitatem;
1211 2350 1571 2412 ostendens
1618 2368 1741 2412 nos
1787 2349 2156 2411 necessario
2200 2349 2496 2432 indigere
2545 2350 2788 2414 Christi
2848 2371 2998 2433 gra-
3288 2346 3289 2353 '

588 2455 816 2519 tiam*
927 2454 1113 2517 cuius
1150 2452 1447 2515 maxime
1486 2451 1866 2515 fruitionem
1905 2451 2336 2534 percepimuS,
2369 2455 2733 2516 secundum
2767 2475 2996 2519 uerum

588 2561 716 2624 Dei
763 2559 1182 2642 promissum,
1229 2575 1348 2639 per
1391 2554 1595 2619 fidem
1638 2554 1822 2619 illam
1865 2574 2038 2636 quae
2075 2554 2141 2616 in
2182 2554 2447 2620 Christo
2489 2564 2624 2636 est3
2670 2579 2842 2640 quae
2872 2559 2998 2623 sub

476 2683 561 2730 20
588 2665 735 2747 lege
778 2664 971 2726 nobis
1011 2661 1562 2726 conuersantibus
1607 2660 1868 2742 adquiri
1901 2681 1941 2723 a
1973 2659 2166 2723 nobis
2201 2660 2477 2724 minime
2507 2666 2745 2744 potuit.
2835 2666 3000 2730 haec

585 2787 706 2848 per
746 2765 928 2829 illam
971 2764 1173 2828 fidem
1217 2782 1419 2846 quam
1460 2764 1523 2825 in
1566 2761 1835 2826 Christo
1877 2761 2204 2826 habemus
2236 2764 2711 2847 percipiemus!
2801 2768 2999 2832 ualde

714 2995 770 3061 εἰ
797 2996 922 3082 «γὰρ
952 2992 1217 3075 τοιαύτη
1249 3020 1345 3063 τις
1375 2991 1639 3075 δύναμις
1671 2996 1762 3081 τῷ
1792 2991 1960 3078 νόμῳ
1991 2996 2269 3076 προσῆν,
2301 2991 2468 3058 ὥστε
2497 2992 2639 3062 τοὺς
2684 2992 2793 3059 ὑπ’
2824 2994 2998 3085 αὐτῷ

581 3100 1111 3182 πολιτευομένους
1142 3096 1249 3163 καὶ
1279 3096 1686 3161 δικαιοῦσθαι
1717 3095 1823 3161 καὶ
1854 3098 1966 3176 τῆς
2008 3095 2270 3163 αἰωνίου
2309 3093 2625 3161 δύνασθαι
2654 3098 2997 3185 τυγχάνειν

584 3208 758 3286 ζωῆς,
792 3202 1189 3290 ιῖναιρετικὸς
1232 3201 1310 3283 ἦν
1345 3204 1459 3283 τῆς
1499 3199 1893 3283 ἐπαγγελίας
1925 3199 1958 3265 ὁ
1990 3198 2191 3283 νόμος,
2222 3199 2413 3269 αὐτὸς
2446 3197 2582 3265 ἀντ’
2614 3202 2851 3283 ἐκείνης
2880 3203 2997 3283 τὴν

472 3335 509 3382 2
519 3331 549 3398 5
582 3308 916 3376 δικαίωσιν
992 3308 1321 3397 παρέχων·
1392 3306 1526 3373 νυνὶ
1592 3304 1663 3371 δὲ
1729 3304 1804 3371 τὸ
1874 3303 2174 3382 ἐναντίον,
2223 3303 2642 3391 ἅπανγαρεύων
2699 3306 2816 3386 μὲν
2880 3305 2998 3386 τὴν

580 3409 920 3493 ἁμαρτίαν,
984 3406 1434 3474 ἀπαλλάττειν
1493 3407 1561 3473 δὲ
1626 3405 1824 3489 αὐτῆς
1884 3405 1998 3472 οὐκ
2059 3405 2310 3496 ἰσχύων
2368 3406 2513 3476 τοὺς
2560 3405 2666 3471 διὰ
2713 3407 2829 3489 τὴν
2881 3412 2996 3488 τῆς

580 3514 835 3598 φύσεως
864 3512 1205 3579 ἀσθένειαν
1237 3516 1759 3583 καταπίπτοντας
1793 3511 1879 3582 εἷς
1910 3511 2127 3593 αὐτήν,
2162 3511 2271 3576 καὶ
2302 3509 2409 3575 διὰ
2439 3510 2667 3576 τούτου
2695 3513 2997 3592 μειζόνως

581 3618 866 3705 ἐλέγχων
894 3616 1072 3696 ἡμῶν
1101 3616 1175 3682 τὸ
1206 3614 1370 3701 πρὸς
1403 3614 1743 3681 δικαίωσιν
1765 3613 2009 3690 ἄτονον,
2033 3616 2293 3694 μᾶλλον
2322 3612 2389 3679 δὲ
2420 3611 2634 3693 πάντη
2666 3613 2994 3693 ἀδύνατον,

578 3721 947 3804 ἀναγκαίως
976 3723 1088 3803 τῆς
1118 3722 1236 3784 τοῦ
1264 3721 1559 3805 Χριστοῦ
1587 3717 1853 3806 χάριτος
1884 3714 2210 3796 δεομένους
2242 3713 2561 3780 δείκνυσιν
2590 3713 2772 3796 ἡμᾶς.

680 3891 705 3937 5
744 3883 1004 3924 uenturum
1057 3873 1173 3936 (sor
1206 3876 1396 3932 uerum)
1435 3873 1501 3921 H
1780 3884 1839 3918 10
1873 3868 2246 3918 iustificationes
2286 3868 2331 3917 C
2354 3866 2361 3929 Ι
2393 3874 2441 3916 ct
2480 3865 2575 3930 (asl
2609 3867 2779 3928 iustis.)
2832 3884 2909 3917 om
2955 3871 3001 3918 C

579 3960 726 4019 (corr)
754 3959 817 4005 ll
978 3970 1029 4003 11
1058 3954 1212 4020 possit
1241 3955 1316 4004 C*
1342 3954 1403 4002 J!
1601 3965 1657 4013 15
1693 3967 1843 4016 quem
1868 3950 1983 4013 (sor
2003 3948 2151 4014 quae)
2183 3950 2227 3998 C
2245 3951 2311 3999 II
2502 3964 2556 4010 17
2592 3952 2752 4013 gratia
2780 3953 2823 4001 C
2844 3954 2995 4012 (corr)

579 4056 643 4090 20
676 4050 747 4089 cst
775 4039 870 4102 (ast
891 4037 1018 4102 lege)
1042 4038 1147 4085 add
1168 4036 1244 4086 C*
1363 4051 1418 4084 21
1458 4051 1547 4099 per
1570 4033 1601 4083 f.
1635 4033 1668 4081 i.
1693 4034 1759 4081 H
1880 4047 1940 4080 22
1966 4047 2039 4094 sq.
2066 4029 2219 4079 Coisl.
2247 4044 2341 4093 ‘²04
2365 4029 2397 4079 f.
2427 4029 2490 4078 26
2515 4031 2548 4078 b
2572 4032 2674 4092 [Cr.
2702 4032 2761 4081 vi.
2791 4046 2868 4092 55,
2908 4034 2992 4082 Fr.

586 4122 713 4184 1²5³]-
757 4120 980 4182 θεόδωρος
1005 4121 1054 4168 δέ
1078 4125 1239 4178 φησιν·
1262 4118 1306 4165 εἰ
1324 4117 1438 4179 γάρ,
1464 4117 1609 4165 κ.τ.λ.
1703 4130 1763 4178 23
1798 4114 2040 4161 δικοῦσθαι
2065 4113 2168 4172 (sic)
2185 4113 2295 4162 cod.
2385 4127 2446 4174 24
2482 4111 2507 4160 ὀ
2530 4131 2570 4160 ν.
2596 4114 2735 4162 αὐτὸς
2754 4114 2853 4177 (sic)
2875 4116 2988 4165 cdd.

645 4269 687 4315 5.
763 4253 937 4313 illum]
1003 4252 1103 4299 For
1136 4267 1248 4300 exx.
1286 4247 1344 4298 of
1382 4246 1735 4301 illum=illad‚
1838 4244 1895 4291 de
1931 4243 2128 4291 incarn.
2168 4242 2253 4302 vi„
2296 4243 2429 4291 Petr.
2467 4242 2714 4306 Chrysol„
2754 4259 2893 4290 serm.
2934 4257 2989 4304 51

577 4349 658 4382 sec
689 4334 902 4392 Resusch,
929 4332 1075 4390 Izala,
1106 4348 1155 4394 p.
1182 4329 1294 4389 276.
1839 4327 2119 4388 (Paucker).
2189 4326 2249 4374 In
2288 4327 2434 4375 Rom.
2478 4326 2578 4373 viii.
2630 4341 2673 4384 τε,
2721 4326 2804 4374 the
2846 4327 2995 4375 Latin

652 4414 722 4463 16.
786 4412 1220 4477 t'tepasse'hililalcne]
1269 4411 1326 4460 τὸ
1362 4411 1607 4465 ἀδύνατον,
1643 4408 1733 4456 im·
1837 4408 2056 4456 vcrsions
2102 4423 2188 4456 use
2228 4407 2312 4456 the
2355 4407 2654 4471 periphrasis
2698 4408 2880 4471 “quod
2920 4407 2993 4456 in·

580 4494 867 4556 potentiam.
945 4493 1020 4541 Cf.
1043 4494 1178 4541 Tcrt.
1207 4493 1263 4538 de·
1286 4492 1407 4552 bapt.
1443 4506 1485 4544 α,
1507 4489 1729 4538 Cassian.
1836 4489 2070 4551 possibile
2094 4488 2246 4537 crat.‘'
