3293 5233
580 420 705 487 232
1228 416 1687 470 THEononus
1733 413 2319 470 MOPSUESTENUS
2651 401 2812 487 [ΙΙΙ.
2845 419 2906 479 2,
2940 418 3001 483 3.

582 602 652 658 et
690 593 1069 675 frequenter
1109 592 1490 675 reprehensi
1531 613 1655 676 pro
1696 611 1905 675 praua
1948 600 2019 656 et
2060 611 2236 657 uana
2281 590 2583 655 doctrina
2623 591 2691 654 in
2731 588 3001 653 hisdem

581 697 931 782 persistere
972 697 1361 777 uideantur;
1406 697 1613 761 malos
1654 707 1881 761 autem
1927 696 2249 777 operarios
2291 695 2470 772 dicit,
2505 715 2588 758 eo
2630 695 2810 777 quod
2857 713 3003 755 non

583 801 698 865 illa
745 801 984 865 docere
1030 800 1347 865 festinent
1396 821 1569 882 quae
1620 799 1855 882 pietati
1907 797 2369 872 conveniunt*
2478 798 2715 882 ‘opus'
2768 808 3001 863 autem

584 915 783 968 uocat
810 904 1204 981 doctrinam,
1239 903 1413 967 sicut
1442 912 1511 967 et
1541 903 1700 966 alibi
1741 902 1959 966 dixit:
2000 903 2065 966 si
2090 902 2273 966 cuius
2298 912 2453 983 opus
2482 903 2799 967 manserit
2829 903 3012 986 quod

519 1029 550 1095 5
582 1007 1151 1089 superaedificauit,
1195 1007 1533 1070 mercedem
1576 1007 1875 1090 accipiet,·
1933 1006 1998 1070 si
2051 1007 2236 1070 cuius
2291 1018 2445 1089 opus
2490 1008 2746 1083 arserit,
2795 1007 3005 1070 detri-

586 1108 996 1174 mentabitur.
1077 1109 1162 1172 de
1192 1109 1511 1173 doctrinis
1541 1111 1721 1173 enim
1755 1109 1868 1174 illa
1900 1110 2153 1173 dixisse
2184 1110 2529 1174 euidenter
2556 1110 3003 1192 cognoscitur.

715 1243 925 1308 uidete
966 1243 1392 1309 concisionem.

717 1371 890 1434 bene
933 1370 1343 1434 concisionem
1391 1370 1586 1447 dixit,
1631 1391 1714 1435 eo
1760 1371 1942 1455 quod
1987 1370 2258 1454 quando
2312 1372 2377 1437 id
2427 1371 2563 1436 fieri
2613 1373 2763 1437 Deo
2816 1392 3004 1438 com-

587 1473 917 1557 placebat,
961 1473 1372 1538 circumcisio
1418 1483 1600 1553 erat;
1662 1475 1820 1556 quia
1857 1495 2014 1537 uero
2057 1495 2234 1537 nunc
2280 1495 2414 1539 non
2456 1477 2824 1541 secundum
2867 1476 3003 1542 Dei

485 1594 561 1642 10
590 1574 665 1638 fit
694 1574 1128 1650 uoluntatem,
1167 1575 1284 1638 sed
1327 1574 1767 1639 conciduntur
1810 1586 2073 1640 tantum
2106 1578 2188 1641 ad
2224 1578 2516 1661 corporis
2548 1577 3008 1648 nociuitatem.

588 1676 741 1739 ideo
771 1685 840 1740 et
871 1695 1060 1740 suam
1093 1675 1221 1740 illis
1252 1687 1598 1759 comparat
1628 1698 1983 1760 personam
2015 1681 2283 1745 dicens:

718 1833 833 1876 nos
872 1813 1044 1877 enim
1087 1834 1315 1876 sumus
1350 1812 1760 1877 circumcisio.

717 1937 846 2001 hoc
885 1948 1004 2015 est,
1037 1940 1185 2021 ‘qui
1229 1938 1341 2001 illa
1382 1938 1643 2021 agimus
1685 1959 1856 2022 quae
1900 1940 2145 2022 placita
2183 1949 2341 2005 sunt
2378 1941 2548 2018 De0,
2581 1951 2650 2005 et
2689 1941 3006 2006 custodes

587 2040 950 2103 cautissimi
1007 2061 1238 2103 sumus
1300 2040 1560 2103 illorum
1614 2061 1786 2123 quae
1850 2042 2000 2105 Deo
2054 2043 2358 2124 placent;
2424 2044 2605 2125 quod
2659 2045 3003 2127 proprium

484 2163 555 2228 15
588 2155 690 2208 est
728 2145 1004 2221 illorum,
1037 2147 1148 2226 qui
1192 2166 1262 2208 se
1301 2145 1545 2208 habere
1583 2145 1986 2229 promittunt
2029 2147 2631 2213 circumcisionem.’
2718 2168 2808 2211 ex
2840 2148 3007 2232 ipsis

587 2249 782 2311 rebus
814 2248 882 2311 id
914 2247 1316 2312 confirmans
1347 2248 1628 2312 adiecit:

716 2387 834 2470 qui
868 2387 1109 2469 spiritu
1145 2385 1284 2449 Deo
1319 2386 1643 2460 seruimus
1691 2396 1756 2451 et
1791 2386 2174 2471 gloriamur
2201 2387 2272 2450 in
2308 2387 2564 2454 Christo
2592 2390 2740 2452 Iesu
2774 2398 2840 2452 et
2877 2410 3007 2453 non

586 2490 659 2555 in
689 2511 881 2554 carne
908 2490 1308 2575 corfidimus.

585 2679 918 2750 πολλάκις
948 2679 1379 2767 ἐλεγχθέντας
1421 2678 1520 2766 ἐφ’
1567 2680 1666 2750 οἷς
1711 2680 1782 2745 οὗ
1831 2684 2052 2752 καλῶς
2094 2680 2533 2758 διδάσκουσιν,
2583 2679 3007 2763 ἐπιμένοντας

476 2803 563 2851 20
590 2783 661 2849 δὲ
690 2782 878 2855 ὅλως·
928 2787 1140 2860 κακοῗε
1190 2784 1257 2849 δὲ
1302 2786 1551 2873 {prime
1585 2783 1670 2857 ὥς
1711 2785 1784 2851 οὐ
1823 2784 1907 2852 τὰ
1946 2784 2370 2873 προσήκοντα
2401 2785 2731 2853 διδάσκειν
2763 2786 3007 2852 ἐσπου-

591 2888 890 2960 δακότας.

689 3070 716 3118 3
752 3053 949 3118 pietatis
978 3054 1021 3103 C
1041 3069 1074 3101 r

597 3150 655 3184 ιο
689 3136 962 3184 nouitatem
993 3133 1061 3184 C*

592 3217 857 3280 Deo—qui
879 3232 956 3265 one
980 3215 1047 3264 H

1282 3073 1329 3115 4,
1360 3065 1387 3115 5
1424 3053 1463 3103 si
1487 3052 1901 3117 cuius—accipiet
1924 3070 2001 3102 om
2030 3054 2102 3102 C*

1267 3149 1319 3183 11
1360 3134 1424 3181 ad
1450 3134 1654 3197 (soret)
1684 3134 1755 3183 C*
1781 3135 1898 3183 Hr

1238 3213 1296 3264 16
1329 3215 1482 3263 adicit
1512 3215 1606 3264 Cr

2312 3057 2343 3103 8
2376 3062 2544 3103 autem
2567 3054 2664 3119 (ast
2682 3051 2831 3118 bene)
2855 3054 2963 3103 add
2978 3070 3015 3104 r

2091 3152 2149 3197 ¹4
2177 3136 2459 3187 cautissime
2487 3138 2529 3186 C
2549 3139 2662 3186 Hr
2839 3152 2916 3200 14,
2948 3150 3008 3201 15

1812 3217 1870 3264 18
1904 3215 2213 3266 confidemus
2235 3218 2304 3266 H

659 3391 705 3438 3.
787 3385 908 3439 opus
940 3385 1101 3425 autem
1136 3383 1278 3424 uocat
1306 3377 1601 3437 doctm'nam,
1638 3377 1753 3437 δια]

594 3461 774 3523 Comp.
804 3461 902 3507 Th.
928 3475 993 3506 on
1025 3475 1042 3507 1
1073 3459 1191 3506 Cor.
1219 3458 1287 3506 iii.
1321 3474 1393 3520 14,
1429 3474 1515 3520 15:
1547 3461 1612 3508 τὰ
1634 3458 1751 3507 κάλ-

594 3546 742 3592 λιστα
776 3542 872 3590 τῶν
908 3542 1287 3602 διδαγμάτων
1331 3544 1387 3590 οὐ
1421 3545 1750 3602 συγκαταλύε·

1925 3393 1998 3429 10.
2044 3379 2374 3428 conciduntur
2406 3379 2629 3440 tantum]
2696 3379 2767 3428 So
2802 3378 2983 3443 Chrys».
2997 3397 3012 3428 ε

1852 3460 1971 3508 ὅταν
1994 3463 2093 3521 ’γὰρ
2112 3462 2181 3519 μὴ
2212 3459 2244 3522 ᾖ
2276 3463 2470 3521 νόμιμον
2497 3463 2554 3510 τὸ
2585 3463 2849 3523 γινόμενον,
2874 3459 3012 3510 οὐδὲν

1854 3544 1981 3590 ἄλλο
2004 3542 2036 3600 ἦ
2060 3544 2235 3600 σαρκὸς
2257 3544 2381 3602 τομή
2411 3544 2544 3592 ἐστιν
2579 3545 2660 3591 καὶ
2692 3544 3006 3602 κατατομή...

595 3645 676 3675 ται
704 3627 775 3686 τῷ
813 3626 1011 3687 παρόντι
1048 3626 1256 3685 βίῳ...δς
1293 3623 1331 3672 δ’
1372 3623 1434 3673 ἂν
1468 3628 1530 3674 τὰ
1564 3627 1754 3674 ἐναντία

598 3709 856 3756 διδάσκει
896 3708 1103 3766 (φησὶν),
1155 3709 1303 3755 κ.τ.λ.
1352 3706 1560 3770 (Migne,
1615 3709 1748 3766 880).

596 3788 748 3837 Thdt.
777 3785 819 3850 (ι
851 3788 966 3836 Cor.
988 3787 1021 3835 l.
1045 3788 1110 3845 c.)
1137 3786 1312 3849 rejects
1337 3788 1434 3835 this
1454 3789 1607 3836 view:
1632 3791 1755 3838 τινὲς

597 3873 706 3932 περὶ
726 3870 977 3930 δογμάτων
993 3870 1150 3916 ταῦτα
1169 3871 1381 3928 εἰρῆσθαι
1405 3867 1477 3928 τῷ
1494 3870 1756 3930 ἀποστόλῳ

598 3954 764 4012 φασίν·
811 3954 911 4014 ἐγὼ
951 3953 1001 4000 δὲ
1042 3952 1171 4007 οἶμαι
1216 3954 1324 4013 περὶ
1369 3953 1455 4008 τῆς
1494 3956 1757 4012 πρακτικῆς

599 4034 769 4096 ἀρετ-ἧς
801 4052 857 4083 τε
891 4037 968 4082 καὶ
1003 4036 1173 4082 κακίας
1205 4036 1361 4082 ταῦτα
1396 4036 1560 4096 λέγειν
1593 4031 1754 4083 αὐτόν.

601 4119 701 4166 For
745 4117 955 4166 another
999 4117 1221 4165 instance
1265 4115 1325 4163 os
1363 4116 1446 4164 the
1488 4131 1594 4164 rare
1634 4116 1756 4164 verb

598 4200 938 4248 dctm'mentari
1009 4220 1056 4238 =
1076 4199 1356 4261 ζημιοῦσθαι
1413 4196 1474 4261 (“
1490 4199 1756 4247 detrimen-

600 4290 722 4339 tum,
747 4281 984 4328 damnum
1009 4279 1130 4342 pati,
1155 4275 1369 4336 sacere‚’'
1396 4277 1459 4326 O.
1483 4278 1538 4326 L.
1546 4311 1562 4336 ‚
1581 4278 1757 4342 Vulg.)

600 4379 682 4412 see
706 4362 869 4410 below
894 4364 1053 4421 (verse
1080 4362 1147 4419 8).

666 4445 713 4491 8.
792 4442 903 4489 bene
938 4442 1265 4499 concisionem,
1309 4441 1423 4503 δια]
1503 4441 1650 4489 Cited
1689 4441 1757 4505 by

602 4524 866 4577 Lanfranc.
890 4525 979 4573 but
1003 4526 1054 4574 in
1078 4542 1141 4574 an
1165 4525 1483 4574 abbreviated
1510 4524 1654 4572 form.

1855 3626 1934 3672 καὶ
1957 3625 2091 3683 ἡμεῖς
2115 3626 2163 3672 δὲ
2188 3629 2521 3685 κατατομὴν
2553 3626 2764 3686 λέγομεν
2796 3626 2880 3674 ἐπὶ
2912 3626 3014 3674 τῶν

1856 3706 1960 3765 εἰκῆ
2003 3707 2084 3754 καὶ
2129 3703 2295 3755 ἁπλῶς
2340 3707 2420 3755 καὶ
2473 3704 2587 3754 ἄνευ
2640 3708 2816 3767 τέχνης
2867 3708 3014 3756 τοῦτο

1855 3790 2129 3835 ποιούντων.
2202 3787 2287 3835 He
2312 3788 2474 3843 offers,
2499 3786 2749 3844 however,
2773 3803 2839 3836 an
2862 3787 3012 3836 alter·

1856 3869 2021 3918 native
2043 3869 2380 3933 explanation,
2409 3870 2574 3919 which
2596 3870 2748 3919 Thdt.
2778 3878 3013 3934 accepts:

1854 3948 1885 4009 ἢ
1933 3952 2007 3998 ὅτι
2052 3952 2140 4007 τὴν
2180 3951 2440 4008 ἐκκλησίαν
2479 3952 2735 4011 ἐπειρῶντο
2773 3953 3013 4008 κατατέμ-

1857 4048 1968 4077 νειν.
2037 4030 2116 4079 Cf.
2163 4030 2307 4080 Th.'s
2352 4045 2535 4078 comm.
2581 4046 2649 4079 on
2695 4030 2811 4079 Gal.
2858 4047 2907 4077 v.
2953 4045 3010 4079 12

1858 4111 1923 4176 (p.
1956 4112 2057 4177 93),
2087 4114 2187 4161 and
2209 4112 2370 4175 infra,
2397 4129 2444 4176 p.
2470 4128 2579 4175 242,
2608 4114 2643 4162 l.
2662 4127 2688 4175 7
2713 4129 2787 4177 sq.

1930 4209 2004 4256 15.
2061 4194 2390 4257 promittunt]
2463 4196 2893 4258 ἐπαγγέλλονται
2945 4195 3008 4247 cs.

1856 4284 2025 4337 supra,
2052 4291 2098 4339 p.
2127 4290 2238 4329 212,
2264 4275 2295 4323 1.
2327 4288 2401 4336 17,
2429 4284 2560 4326 note.

1931 4371 1947 4404 1
1961 4371 2004 4418 7.
2067 4357 2158 4420 qui
2194 4357 2374 4419 spiritu
2420 4357 2523 4405 Deo
2560 4357 2823 4419 servimus]
2891 4358 3012 4419 Th„

1858 4439 1980 4487 with
2027 4440 2221 4502 Chrys„
2266 4439 2477 4503 Thpht.,
2516 4441 2637 4490 Oec.
2683 4442 2794 4502 [not
2835 4441 3018 4499 Dam.;

1857 4522 2033 4582 Thdt„
2078 4537 2131 4569 as
2171 4521 2356 4575 edited.
2399 4537 2601 4583 wavers,
2645 4523 2734 4571 but
2774 4522 2914 4586 gives
2949 4525 3026 4572 ad
