3293 5233
546 424 634 505 64
1210 422 1665 494 THEODoRus
1713 436 2295 491 mopsussrnnus

2637 421 2783 506 [IV.
2818 424 2873 499 8,
2906 438 2966 505 9.

552 622 671 679 est.
759 614 936 679 hunc
970 634 1128 680 uero
1159 617 1653 700 participanteS,
1686 637 1808 680 nec
1837 614 2019 698 quod
2046 612 2161 677 filii
2193 612 2337 677 sitis
2368 632 2613 694 negare
2645 612 2962 694 poteritis,

552 714 710 780 sacti
754 726 983 781 autem
1034 718 1168 793 filii,
1221 720 1589 783 necessario
1635 720 1795 783 estis
1842 727 1909 783 et
1958 718 2253 790 heredeS,
2303 738 2456 781 cum
2512 716 2726 779 multa
2771 715 2965 778 liber-

548 828 692 884 tate
724 821 1043 904 degentes
1074 831 1141 887 et
1171 824 1352 886 omni
1403 833 1585 888 metu
1617 823 1806 887 liberi
1849 832 1918 887 et
1958 822 2139 885 omni
2188 822 2584 886 necessitate
2624 830 2712 899 et,
2748 829 2820 884 ut
2863 820 2964 884 fas

551 929 670 997 est,
704 925 929 988 securi.

1022 934 1287 989 tantum
1331 946 1489 1009 ergo
1535 927 1728 991 abest
1766 935 1838 991 ut
1878 926 2022 991 sitis
2066 925 2256 1014 serui,
2305 925 2487 1008 quod
2534 924 2959 1007 obprobrium

487 1035 654 1107 sest
699 1026 962 1090 illorum
1008 1030 1121 1112 qui
1168 1032 1293 1095 sub
1338 1029 1487 1113 lege
1531 1030 1723 1095 sunt.'

1817 1051 1971 1094 nam
2006 1028 2189 1112 quod
2232 1028 2408 1092 dixit
2437 1038 2564 1110 per
2605 1027 2961 1108 Christum,

551 1130 689 1194 iure
734 1130 803 1193 id
849 1130 1039 1209 dixit,
1073 1154 1153 1196 eo
1184 1134 1364 1215 quod
1412 1134 1712 1196 omnium
1754 1132 1992 1197 horum
2036 1133 2215 1195 idem
2256 1131 2343 1195 sit
2383 1140 2628 1196 auctor.
2692 1132 2963 1197 ⁴deinde

549 1242 704 1317 post
735 1234 1202 1317 probationem
1235 1235 1440 1299 adicit
1470 1235 1652 1317 quod
1689 1234 1884 1299 ualde
1916 1243 2058 1298 erat
2087 1255 2330 1318 graue:

677 1384 796 1448 sed
837 1395 987 1450 tunc
1031 1387 1287 1469 quidem
1325 1388 1663 1451 nescientes
1711 1386 1941 1464 Deum,
1994 1388 2296 1452 seruistis
2332 1387 2440 1452 his
2483 1387 2602 1470 qui
2642 1408 2766 1450 non
2807 1396 2964 1450 sunt

547 1501 790 1556 natura
818 1491 936 1555 dii.

1029 1512 1199 1554 nunc
1223 1501 1439 1554 autem
1478 1502 1905 1573 cognoscentes
1940 1491 2173 1567 Deum,
2205 1493 2422 1574 magis
2458 1501 2674 1554 autem
2721 1490 2965 1573 cogniti

444 1607 522 1656 10
546 1615 589 1656 a
617 1593 771 1671 Deo,
802 1594 1107 1677 quomodo
1134 1595 1595 1660 conuertz‘mini
1624 1596 1862 1659 iterum
1891 1595 1987 1659 ad
2013 1595 2283 1679 infirma
2322 1608 2385 1661 et
2411 1618 2605 1679 egena
2633 1597 2955 1676 elementa,

543 1696 778 1777 quibus
808 1697 1041 1761 iterum
1071 1697 1275 1760 denuo
1304 1698 1555 1762 seruire
1580 1699 1789 1763 uultis
1808 1699 1843 1762 ?

673 1812 1005 1879 elementa
1035 1824 1102 1879 et
1139 1816 1440 1898 superius
1479 1825 1546 1881 et
1590 1817 1656 1879 in
1702 1817 1830 1882 hoc
1862 1817 2009 1883 loco
2050 1819 2260 1883 solem
2300 1818 2464 1884 dicit
2504 1827 2572 1883 et
2617 1817 2845 1883 lunam
2889 1829 2957 1882 et

542 1917 807 1996 stellas3
883 1939 972 1982 ex
1033 1919 1275 2001 quibus
1335 1918 1478 1982 dies
1539 1941 1810 2002 quoque
1869 1931 1938 1984 et
2001 1942 2262 1986 menses
2323 1921 2492 1986 fiunt
2553 1931 2620 1986 et
2682 1925 2836 1987 anni
2889 1933 2956 1986 et

542 2034 866 2107 tempora.

955 2027 1200 2089 seruire
1232 2046 1391 2107 ergo
1421 2024 1770 2089 elementis
1809 2025 1986 2097 dicit,
2022 2048 2101 2090 eo
2145 2027 2326 2109 quod
2374 2026 2502 2099 illa,
2550 2028 2614 2090 id
2662 2039 2779 2101 est,
2813 2030 2955 2092 dies

440 2139 509 2206 15
549 2134 617 2189 et
679 2146 939 2190 menses
999 2127 1443 2201 obseruarent,
1507 2129 1696 2207 quasi
1759 2128 1846 2191 ab
1910 2127 2035 2190 illis
2097 2127 2287 2191 facta.

2381 2136 2448 2190 et
2508 2128 2689 2208 quod
2740 2130 2914 2193 dixit
2940 2153 2954 2193 :

539 2227 839 2290 seruistis
881 2238 1094 2290 autem
1139 2228 1245 2290 leis
1288 2227 1406 2309 qui
1447 2248 1569 2289 non
1612 2237 1769 2290 sunt
1814 2238 2057 2291 natura
2096 2230 2200 2292 dii
2218 2252 2248 2303 ‚·
2292 2228 2377 2290 de
2418 2229 2575 2308 ipsis
2615 2229 2774 2291 dicit
2812 2230 2954 2292 sole

541 2336 609 2391 et
655 2327 813 2391 luna
857 2337 925 2391 et
971 2328 1216 2404 stellis3
1282 2349 1362 2391 eo
1408 2330 1588 2409 quod
1644 2330 2015 2394 adorabant
2067 2329 2178 2393 illa
2223 2350 2374 2392 cum
2437 2338 2655 2391 essent
2717 2339 2951 2412 gentes

542 2442 616 2496 ut
648 2432 827 2508 de05‚
863 2432 1229 2495 secundum
1264 2431 1479 2514 legem
1514 2433 1835 2514 gentium.

671 2542 739 2597 et
770 2534 934 2597 haec
966 2535 1263 2596 diximus
1311 2543 1384 2598 ut
1424 2534 1586 2597 nihil
1630 2534 1985 2597 obscurum
2032 2533 2386 2615 inquirenti
2433 2554 2576 2596 esse
2624 2535 2948 2597 uideatur.

427 2655 511 2703 20
538 2657 770 2700 sensus
818 2658 974 2700 uero
1021 2636 1425 2718 apostolicus
1476 2636 1756 2700 multam
1818 2638 2022 2702 habet
2074 2638 2612 2722 profunditatem.

2703 2640 2947 2702 etenim

536 2744 741 2828 paulo
774 2745 989 2806 minus
1022 2743 1315 2805 ostendit
1358 2763 1471 2804 eos
1512 2762 1646 2804 non
1690 2743 2090 2805 iudaismum
2136 2751 2460 2816 tenenteS,
2496 2743 2611 2805 sed
2660 2744 2744 2805 ad
2793 2763 2950 2824 gen-

535 2847 795 2911 tilitatis
849 2848 1086 2909 iterum
1139 2846 1486 2909 recurrisse
1534 2846 2089 2910 obseruationem.
2182 2847 2344 2910 dicit
2405 2847 2581 2908 enim
2634 2847 2948 2927 quoniam

536 2949 874 3031 ‘primitus
919 2948 1189 3029 quidem
1225 2947 1593 3011 nescientes
1629 2968 1862 3011 uerum
1907 2948 2147 3023 Deum,
2179 2948 2475 3012 seruistis
2521 2957 2746 3010 autem
2791 2949 2948 3021 istis,

631 3108 659 3161 7
693 3098 989 3163 probatione
1018 3099 1061 3147 C
1068 3097 1094 3123 ⁴*
1124 3097 1190 3147 H

536 3180 594 3231 16
628 3181 781 3229 seruis
805 3181 870 3228 H
885 3180 1033 3240 (corr)
1064 3175 1070 3240 Ι
1102 3178 1195 3227 soli
1218 3179 1285 3227 H

529 3261 879 3325 produntatem
904 3259 1009 3323 (sic)
1032 3261 1100 3309 II

596 3415 640 3461 5.
695 3416 739 3462 q.
768 3399 818 3446 d.
860 3400 978 3462 ‘per
1021 3398 1272 3447 Christum
1289 3398 1323 3460 ']
1389 3399 1498 3447 The
1538 3415 1687 3448 name

526 3480 587 3527 of
617 3478 713 3526 Th.
758 3484 886 3526 must
926 3478 1168 3527 therefore
1205 3479 1268 3527 be
1304 3479 1468 3527 added
1510 3487 1564 3527 to
1601 3480 1687 3528 the

530 3559 612 3607 list
643 3557 701 3606 of
729 3557 832 3606 Gk.
857 3557 1041 3606 fathers
1063 3559 1177 3606 who
1203 3568 1410 3622 support
1433 3559 1517 3607 the
1547 3560 1686 3607 read-

527 3640 614 3702 ing
658 3640 795 3700 κληρ.
838 3641 946 3687 θεοῦ
981 3641 1056 3687 διὰ
1097 3640 1322 3699 Χριστοῦ.
1421 3640 1562 3688 With
1609 3641 1687 3688 his

527 3722 904 3788 interpretation
949 3723 1008 3770 os
1046 3723 1122 3770 διὰ
1162 3722 1254 3782 Χρ.
1306 3737 1470 3785 comp.
1507 3722 1686 3771 Thdt.:

528 3809 695 3866 ἔτυχες
729 3804 778 3851 δὲ
812 3804 993 3850 τούτων
1025 3802 1102 3849 διὸ,
1138 3803 1225 3850 τοῦ
1259 3799 1486 3865 Χριστοῦ,
1519 3805 1574 3851 οὐ
1609 3804 1687 3851 διὰ

527 3890 613 3938 τοῦ
636 3887 792 3947 νόμου.

598 3986 614 4019 1
628 3987 670 4020 2.
733 3971 958 4018 elementa
998 3975 1042 4016 et
1075 3966 1313 4031 superius,
1356 3965 1472 4027 δια]
1518 3968 1549 4014 i.
1559 3983 1593 4016 e.
1633 3982 1677 4016 c.

526 4055 590 4103 iv.
624 4070 639 4102 ι
672 4052 858 4113 (where
882 4067 962 4099 see
987 4048 1139 4113 note).

597 4136 671 4187 16.
716 4137 772 4184 dc
795 4137 911 4199 ipsis
932 4135 1050 4183 dicit
1070 4151 1109 4183 s.
1135 4141 1178 4182 et
1200 4133 1261 4194 l.]
1311 4133 1380 4182 So
1403 4133 1552 4182 Thdt.
1573 4150 1585 4181 ε
1619 4134 1686 4182 τὰ

526 4220 747 4279 στοιχεῖα
782 4215 1119 4266 θεοποιοιῖντες.
1190 4217 1271 4264 On
1300 4215 1445 4264 Th.’s
1479 4214 1685 4278 reading

526 4303 677 4360 (“his
710 4302 794 4364 qui
829 4318 928 4348 non
964 4309 1076 4348 sunt
1111 4316 1160 4347 n.
1196 4298 1281 4347 d.'’
1319 4297 1444 4361 (his),
1476 4300 1558 4347 tle.
1584 4301 1684 4348 τοῖς

524 4384 592 4438 μὴ
638 4384 781 4441 φύσει
825 4378 956 4429 οὖσιν
1001 4382 1157 4441 θεοῖς),
1204 4397 1286 4430 see
1335 4381 1540 4430 Ellicott
1583 4381 1684 4429 and

528 4462 783 4524 Lightsoot
807 4463 877 4509 ad
893 4464 941 4512 Ιι.
971 4464 1004 4512 l.

594 4556 669 4592 20.
714 4558 880 4591 sensns
916 4560 1028 4592 uero
1066 4544 1236 4607 apost]
1299 4544 1408 4594 The
1449 4543 1684 4607 meaning

1417 3114 1448 3161 9
1483 3097 1684 3161 cognoti
1714 3097 1793 3146 C*
1821 3097 1903 3159 [cs.
1931 3098 2149 3157 Rdnsch,
2180 3096 2296 3161 295]

1446 3190 1499 3241 17
1527 3185 1576 3227 et
1602 3176 1718 3242 (sor
1737 3181 1819 3238 eo)
1845 3180 1911 3228 II

1285 3275 1341 3308 21
1381 3259 1627 3308 iudaismo
1657 3259 1735 3308 C*
1761 3260 1827 3309 H

2523 3110 2578 3159 ¹3
2614 3112 2843 3146 mensens
2872 3097 2912 3145 C
2920 3096 2947 3120 ⁴*

2081 3195 2143 3229 20
2176 3178 2430 3243 apostolus
2453 3178 2520 3226 H
2537 3176 2545 3241 Ι
2575 3178 2785 3226 multum
2806 3177 2882 3228 C*
2913 3176 2919 3241 Ι

2015 3276 2075 3324 23
2110 3269 2275 3309 autem
2301 3260 2406 3308 istis
2428 3276 2504 3307 om
2535 3260 2577 3308 C

1788 3417 1947 3450 seems
1972 3409 2024 3450 to
2048 3402 2141 3450 be:
2181 3401 2315 3449 ‘The
2335 3401 2591 3463 soregoing
2609 3416 2816 3463 passage
2839 3402 2938 3458 (vv.

1790 3482 1834 3539 8,
1886 3484 1936 3544 9)
1983 3481 2201 3544 requires
2247 3495 2382 3527 more
2427 3480 2546 3527 than
2593 3495 2728 3527 mere
2778 3480 2943 3527 verbal

1788 3561 2118 3618 illustration;
2154 3561 2292 3608 there
2325 3560 2366 3607 is
2400 3575 2430 3607 a
2453 3560 2580 3622 deep
2606 3559 2748 3621 irony
2770 3558 2943 3606 under·

1790 3644 1926 3706 lying
1960 3643 2043 3691 the
2089 3643 2263 3689 words.
2352 3641 2462 3689 The
2505 3641 2715 3704 Apostle
2750 3640 2945 3702 implies

1791 3724 1897 3772 that
1938 3724 2022 3772 the
2058 3723 2342 3787 perversion
2378 3721 2437 3769 of
2469 3722 2555 3788 the
2597 3722 2856 3770 Galatians
2893 3729 2944 3770 to

1783 3805 2008 3869 Judaism
2044 3821 2145 3853 was
2180 3805 2230 3853 in
2267 3804 2366 3853 fact
2399 3820 2429 3852 a
2462 3804 2653 3866 relapse
2688 3804 2795 3852 into
2829 3804 2943 3851 hea-

1787 3887 2030 3942 thenism3
2091 3886 2207 3948 they
2265 3901 2393 3933 were
2448 3901 2563 3932 now
2617 3885 2763 3947 again
2820 3902 2942 3932 wor-

1786 3968 2023 4033 shipping
2064 3969 2190 4018 their
2229 3969 2315 4017 old
2361 3984 2525 4032 pagan
2571 3969 2745 4017 deities
2789 3970 2946 4017 under

1785 4069 1896 4102 new
1921 4051 2071 4101 forms
2094 4052 2191 4100 and
2216 4050 2423 4100 names)
2477 4051 2550 4099 Cs.
2579 4050 2775 4114 Chrys:
2813 4053 2941 4099 εἰδω-

1785 4137 2046 4196 λολατρεὶα
2092 4137 2149 4184 τὸ
2192 4135 2407 4183 τοιοῦτόν
2452 4136 2597 4190 ἐστιν,
2647 4135 2678 4193 ὴ
2722 4133 2806 4192 τῆς
2850 4133 2945 4182 τῶν

1786 4221 1969 4282 ἡμερῶν
1992 4217 2367 4279 παρατηρήσεως
2391 4216 2605 4278 φυλακή.

1853 4317 1927 4364 23·
1979 4301 2196 4348 semtistis
2235 4308 2395 4347 creta-m
2438 4299 2560 4359 [πίε]
2637 4301 2730 4347 See
2770 4315 2845 4346 vv.
2885 4298 2934 4345 ll.

1784 4381 1894 4430 The
1930 4382 2134 4445 reading
2159 4380 2216 4429 os
2244 4380 2328 4429 the
2354 4379 2543 4442 Harley
2568 4381 2679 4427 MS.
2709 4395 2866 4427 seems
2890 4389 2943 4427 to

1785 4480 1984 4513 remove
2009 4464 2092 4512 the
2118 4463 2359 4525 necessity
2388 4462 2464 4509 sor
2500 4461 2673 4508 Pitra's
2709 4462 2942 4509 insertion

1785 4544 1838 4603 [⁴⁸
1858 4543 1916 4591 iis
1940 4542 2023 4606 qui
2050 4550 2222 4590 natura
2247 4557 2345 4590 non
2373 4548 2483 4588 sunt
2508 4540 2577 4587 dii
2596 4538 2664 4601 ”].
