3293 5233
566 403 655 464 40
1225 395 1680 447 Timonossus
1728 395 2312 448 MOPSUESTENUS
2602 380 2754 464 [111.
2787 400 2848 466 9,
2891 398 2983 446 10.

569 582 637 637 et
667 571 1258 636 communicabunt
1288 569 1412 634 tibi
1462 568 2041 649 benedictionem;
2101 569 2623 652 principatorem
2667 576 2739 633 te
2782 567 2980 632 huius

571 674 1051 739 benedictionis
1124 672 1548 738 existiment!
1654 674 1884 737 diuina
1958 674 2160 757 igitur
2231 673 2558 755 scriptura
2617 673 2686 736 in
2747 693 2981 737 omnes

566 789 803 861 gentes
853 776 1387 841 benedictionem
1456 775 1705 847 uenire,
1745 778 2121 860 promittit3
2180 777 2308 842 hoc
2368 785 2596 840 autem
2654 776 2978 859 quemad-

568 881 844 944 modum
898 878 1038 942 fieri
1086 879 1333 961 poterit
1386 899 1586 961 super
1637 878 1785 943 illos
1840 881 1952 963 qui
2000 888 2195 944 extra
2240 879 2459 962 legem
2505 888 2677 955 sunt,
2709 886 2776 943 et
2821 899 2978 961 cog-

502 996 533 1060 5
570 981 818 1046 nationi
877 981 1195 1046 Abrahae
1255 982 1528 1045 minime
1587 982 1918 1065 pertinere
1993 982 2348 1047 uidentur?
2464 982 2584 1046 sed
2642 1002 2775 1045 non
2834 981 2977 1044 sola

565 1094 803 1148 natura
837 1086 1301 1168 propinquitas
1340 1093 1459 1160 est,
1494 1105 1668 1167 quae
1709 1083 1836 1149 hoc
1869 1084 1995 1149 illis
2040 1096 2378 1168 praestare
2418 1086 2672 1170 possit3
2716 1093 2832 1149 aut
2864 1084 2976 1148 illa

565 1186 749 1262 rati0,
783 1206 918 1268 qua
959 1186 1084 1249 sub
1129 1185 1277 1269 lege
1324 1186 1596 1250 minime
1640 1185 2028 1252 habeantur.
2119 1188 2391 1251 euidens
2439 1197 2539 1252 est
2585 1187 2764 1250 enim
2809 1206 2974 1269 quo-

563 1290 744 1353 niam
794 1309 927 1353 non
970 1289 1162 1353 aliter
1210 1289 1607 1372 participare
1660 1291 1799 1353 eius
1851 1291 2315 1355 benedictione
2356 1290 2669 1374 possibile
2718 1300 2818 1355 est
2860 1311 2973 1354 eos

564 1393 677 1474 qui
720 1401 915 1456 extra
958 1390 1174 1474 legem
1223 1401 1394 1470 sunt,
1428 1401 1497 1456 et
1537 1395 1902 1457 secundum
1947 1396 2331 1478 progeniem
2374 1394 2535 1458 nihil
2568 1395 2972 1477 pertinentes

462 1517 537 1563 10
560 1496 648 1559 ad
715 1494 1084 1575 Abraham,
1134 1497 1253 1560 sed
1316 1497 1371 1559 si
1433 1496 1866 1561 similitudine
1917 1498 2057 1561 eius
2111 1498 2559 1561 uniuersitatis
2622 1498 2773 1561 Deo
2834 1518 2971 1561 cre-

561 1600 731 1663 dunt
755 1621 771 1678 ;
820 1608 890 1663 et
920 1602 1014 1663 sic
1044 1621 1165 1683 per
1193 1599 1396 1664 fidem
1442 1621 1595 1662 cum
1639 1622 1720 1663 eo
1762 1622 1802 1664 a
1844 1600 1993 1664 Deo
2034 1601 2380 1684 potiuntur
2423 1600 2969 1664 benedictionem.

563 1707 741 1771 unde
803 1715 871 1772 et
941 1707 1355 1790 probationis
1415 1707 1843 1771 considerans
1905 1706 2289 1771 firmitatem
2352 1706 2810 1770 uehementius
2869 1704 2971 1769 in-

561 1808 849 1874 struxit:

690 1999 909 2081 itaque
934 1999 1052 2081 qui
1075 2020 1156 2062 ex
1161 1999 1307 2083 fide
1331 2009 1502 2077 sunt,
1535 1999 1978 2063 benedicentur
2003 2020 2147 2062 cum
2162 1999 2363 2083 fideli
2386 1999 2447 2061 A
2461 1997 2750 2062 braham.

454 2158 524 2225 15
689 2162 823 2206 non
867 2151 969 2206 est
1014 2142 1329 2225 possibile
1366 2143 1558 2207 aliter
1609 2153 1968 2207 extraneos
2006 2142 2154 2207 illos
2201 2144 2600 2208 constitutos
2639 2141 2969 2223 suscipere

559 2242 1094 2307 communionem
1148 2244 1235 2307 ad
1289 2264 1459 2318 eum,
1513 2255 1976 2327 praeterquam
2030 2246 2084 2307 si
2147 2245 2542 2309 crediderint
2602 2245 2740 2308 eius
2803 2244 2968 2307 Deo.

559 2356 627 2407 et
659 2344 814 2426 quia
847 2346 1028 2408 omni
1061 2367 1148 2409 ex
1179 2356 1369 2428 parte
1412 2346 1615 2410 fidem
1650 2346 1907 2410 firmam
1947 2348 2240 2411 ostendit
2281 2360 2421 2411 tam
2464 2369 2503 2410 a
2541 2349 2718 2423 dat0,
2752 2348 2818 2411 id
2852 2355 2970 2422 est,

555 2446 827 2528 Spiritu,
862 2468 1065 2529 quam
1119 2450 1322 2512 etiam
1366 2449 1451 2512 de
1489 2448 1807 2513 Abrahae
1848 2450 2181 2533 eligantia,
2228 2460 2297 2513 et
2338 2471 2425 2513 ex
2466 2449 2579 2513 illo
2621 2452 2964 2531 promiss0,

554 2552 735 2636 quod
781 2575 821 2618 a
869 2553 1017 2616 Deo
1063 2554 1148 2616 ad
1199 2553 1386 2615 illum
1425 2552 1638 2616 fuerat
1702 2554 1992 2634 factum3
2053 2553 2348 2619 ostendit
2392 2554 2756 2618 secundum
2809 2573 2966 2616 con-

443 2680 527 2726 20
554 2660 971 2742 parationem
1003 2661 1206 2723 etiam
1239 2659 1406 2743 legis
1438 2660 1919 2724 differentiam:

677 2826 980 2900 quotquot
1005 2816 1175 2881 enim
1206 2838 1285 2880 ex
1309 2817 1598 2899 operibus
1643 2818 1803 2900 lcgzls·
1841 2826 2010 2890 sunt,
2042 2817 2161 2880 sub
2208 2816 2541 2880 maledicto
2568 2824 2769 2888 sunt,·
2799 2812 2967 2877 sicut

550 2920 860 3001 scrzptum
889 2929 1021 2982 est:
1053 2925 1067 2952 ‘
1091 2920 1468 2983 maledictus
1488 2920 1699 2983 omnis
1728 2919 1848 3001 qui
1867 2939 1992 2981 non
2009 2928 2353 3001 permanet
2380 2919 2449 2981 in
2477 2916 2777 2981 omnibus
2805 2935 2968 2997 quae

550 3023 793 3106 scripta
822 3033 980 3087 sunt
1008 3023 1078 3087 in
1112 3022 1278 3088 libro
1310 3022 1484 3106 legz’S,
1517 3033 1595 3087 ut
1604 3023 1835 3106 saciat
1860 3022 1967 3086 ea!

654 3222 674 3256 1
701 3213 757 3255 ut
781 3207 887 3271 (begs
897 3207 1134 3273 princip.)
1158 3208 1263 3256 add
1284 3209 1329 3258 C
1349 3209 1497 3269 (corr)
1767 3206 1799 3257 6
1839 3216 2005 3273 posset
2051 3208 2096 3257 C
2345 3207 2376 3256 8
2410 3203 2699 3270 participari
2739 3204 2784 3253 C
2816 3199 2961 3266 (corr)

559 3300 617 3335 10
655 3287 696 3336 si
730 3303 808 3334 om
844 3288 910 3335 H
930 3285 937 3349 Ι
967 3287 1341 3336 similitudinem
1379 3288 1422 3336 C
1443 3288 1512 3337 H
1712 3301 1766 3337 12
1808 3287 2005 3337 instruit
2035 3287 2103 3335 H
2295 3301 2352 3351 14
2388 3287 2487 3336 fide
2510 3286 2575 3336 A.
2603 3286 2670 3334 H
2677 3283 2705 3310 ⁴*
2907 3281 2967 3332 16

551 3378 754 3436 propter
775 3385 823 3433 q.
861 3369 928 3416 H
931 3366 958 3392 ⁴*
1162 3381 1219 3429 17
1256 3377 1304 3416 et
1341 3368 1426 3432 qui
1469 3368 1515 3417 C
1543 3367 1611 3416 H
1797 3368 1856 3416 18
1891 3367 2153 3431 promissio
2182 3366 2247 3415 H
2428 3380 2483 3414 21
2524 3365 2651 3415 sicut
2682 3379 2775 3415 scr.
2814 3379 2857 3414 e.
2894 3379 2964 3411 m.

551 3468 628 3500 om
667 3449 762 3499 H*

624 3620 661 3654 1.
736 3602 1142 3668 princaessatorcm]
1225 3603 1308 3652 τὸν
1375 3602 1540 3651 αἴτιον.
1624 3602 1707 3652 Cf.
1812 3601 2068 3656 struction,
2126 3616 2208 3649 see
2266 3596 2484 3657 Ronsch,
2545 3598 2696 3655 Itala,
2746 3612 2796 3662 p.
2847 3610 2960 3660 415,

550 3685 664 3735 infr.
691 3686 776 3744 (on
805 3684 931 3732 Phil.
959 3683 1026 3732 iii.
1058 3685 1167 3742 20):
1210 3683 1626 3746 “princespatorem
1660 3689 1709 3732 et
1813 3684 2013 3743 Munro,
2042 3683 2189 3730 Lucr.
2221 3681 2272 3729 ii.
2302 3679 2415 3744 659,
2444 3687 2576 3728 note.

549 3775 802 3818 auctorem
818 3762 1248 3830 incorruptionis-’⁹
1289 3765 1708 3829 Amob.(Migne,
1882 3779 1958 3825 14.
2025 3761 2380 3822 benedicentur]
2449 3763 2519 3811 So
2543 3760 2692 3824 Vulg.
2741 3758 2860 3820 Gk„
2892 3760 2963 3808 εὖ·

549 3853 611 3900 P.
649 3851 709 3899 L.
748 3861 824 3911 53,
868 3849 1007 3912 369):
1067 3847 1413 3912 “principium
1455 3848 1595 3896 Deus
1635 3853 1710 3896 est
1810 3844 2082 3904 λογοῦνται.

549 3930 666 3994 quia
689 3928 993 3993 principator
1017 3945 1124 3978 esse
1147 3929 1369 3977 omnium
1393 3925 1605 3977 uoluit.”
1883 3937 1954 3985 17.
2004 3940 2035 3970 a
2058 3923 2169 3970 dato
2190 3922 2223 3971 ἱ.
2251 3937 2287 3969 e.
2311 3920 2425 3984 Sp.]
2480 3920 2590 3969 The
2615 3920 2703 3968 Gr.
2728 3935 2887 3969 seems
2910 3926 2964 3969 to

615 4013 662 4061 8.
735 4028 837 4060 non
871 4012 1017 4060 aliter
1111 4011 1196 4059 sed
1220 4010 1285 4071 st]
1344 4012 1428 4059 οὐκ
1462 4011 1626 4059 ἄλλως
1808 4005 1936 4054 have
1958 4005 2085 4052 been
2109 4004 2206 4051 ἀπὸ
2235 4004 2322 4051 τοῦ
2353 4003 2598 4060 δεδομένου
2632 3999 2958 4064 [πνεύματος],

550 4089 680 4151 πλὴν
703 4093 758 4141 εἰ.
832 4091 915 4140 On
945 4091 1028 4140 the
1063 4091 1396 4140 construction
1418 4097 1556 4152 part.
1584 4090 1711 4138 bene·
1811 4088 1910 4135 and
1934 4086 2019 4135 the
2043 4085 2365 4148 explanatory
2388 4083 2551 4132 words
2574 4099 2656 4132 are
2680 4083 2777 4132 due
2800 4091 2853 4132 to
2878 4083 2962 4133 the

549 4172 766 4231 dictione,
805 4187 888 4220 see
922 4171 1122 4231 Munro,
1152 4172 1302 4220 Lucr.
1334 4171 1401 4219 iii.
1432 4169 1543 4226 688,
1570 4177 1703 4229 note,
1813 4167 2107 4227 translator3
2172 4167 2233 4216 cf.
2296 4168 2477 4225 below,
2531 4168 2700 4228 “eius‚
2759 4166 2809 4214 id
2866 4174 2956 4227 est,

555 4255 888 4311 Hildebrand,
912 4256 1066 4318 Apul.
1099 4255 1129 4303 i.
1161 4268 1240 4316 27,
1263 4254 1362 4302 and
1387 4253 1446 4302 cf.
1473 4254 1597 4315 infr.
1620 4255 1706 4312 (on
1812 4252 1933 4314 legis
1950 4249 1977 4269 '’
2010 4251 2079 4313 (p.
2111 4252 2212 4310 41).

551 4337 620 4384 iii.
663 4341 772 4400 29):
829 4335 1156 4399 “participati
1206 4335 1322 4384 estis
1371 4333 1706 4398 promissioni·
1875 4348 1952 4380 22.
1991 4329 2277 4394 permanet]
2323 4330 2496 4393 Vulg..
2527 4327 2958 4394 “permanserit,”

550 4416 693 4466 bus.'’
1806 4413 1894 4462 but
1925 4414 1959 4436 “
1976 4420 2230 4477 permanet
2249 4411 2275 4432 ”
2300 4411 2349 4461 in
2376 4412 2525 4461 Deut.
2548 4410 2696 4460 xxvii.
2727 4409 2790 4458 26
2816 4410 2955 4469 (Gk.,

622 4513 693 4545 11.
758 4505 859 4559 sot.
903 4496 1286 4556 benedictionem]
1336 4497 1417 4545 On
1465 4496 1548 4543 the
1589 4512 1705 4544 con·
1806 4496 2007 4552 ἐμμένει,
2034 4494 2081 4542 in
2108 4495 2227 4541 both
2255 4494 2457 4556 places).
