3293 5233
499 399 584 462 92
1158 400 1610 454 Tnsononus
1658 397 2241 452 MOPSUESTENUS
2668 384 2775 470 [V.
2818 403 2910 450 11.

505 572 772 636 recurrit
830 573 1050 650 uerba,
1100 572 1170 639 e't
1222 574 1290 639 in
1334 596 1457 640 sua
1504 573 1792 658 persona
1850 574 1918 638 id
1975 573 2390 649 examinanS,
2440 571 2909 655 probationem

504 692 734 736 eorum
767 673 970 753 sacit;
1017 696 1098 740 eo
1128 678 1311 759 quod
1355 676 1470 741 illa
1507 697 1682 760 quae
1722 677 1810 740 de
1851 697 1934 740 eo
1979 675 2390 751 dicebantur,
2421 673 2627 737 etiam
2674 671 2912 737 ceteris

503 776 823 856 apostolis
866 779 1172 844 similiter
1215 792 1598 863 competere
1644 788 1974 863 poterant,
2020 798 2101 842 eo
2147 777 2329 860 quod
2376 785 2445 841 et
2490 775 2584 839 illi
2637 786 2915 860 propter

505 877 689 942 illam
750 901 954 965 quam
1004 883 1069 947 in
1126 882 1394 948 Christo
1453 883 1798 948 habebant
1859 882 2086 961 fidem,
2149 882 2290 945 eius
2345 880 2704 965 implentes
2753 881 2913 944 doc·

439 980 768 1061 5trinam,
821 983 928 1046 ad·
967 984 1472 1050 similitudinem
1534 987 1676 1049 eius
1736 984 2040 1048 similiter
2100 983 2633 1065 persecutionem
2693 982 2911 1066 patie-

507 1081 760 1148 bantur.
852 1093 921 1148 et
952 1087 1249 1151 maxime
1278 1109 1320 1153 a
1347 1088 1627 1169 Judaeis
1660 1088 1728 1151 id
1762 1086 1901 1170 pati
1934 1085 2353 1149 uidebantur.

633 1246 744 1308 ego
798 1238 1031 1304 autem,
1073 1230 1353 1311 fratres,
1405 1230 1472 1293 si
1522 1230 2062 1294 circumcisionem
2121 1227 2335 1292 adhuc
2374 1226 2692 1310 praedico,
2751 1226 2919 1309 quid

505 1328 717 1393 adhuc
790 1334 1284 1413 persecutionem
1343 1334 1571 1416 patior
1588 1334 1625 1398 ,9
1710 1354 1859 1417 ergo
1915 1332 2310 1396 destructum
2384 1340 2481 1395 est
2531 1330 2911 1411 scandalum

505 1452 726 1496 caecis,

404 1582 482 1629 10
640 1568 729 1631 ‘si
762 1589 880 1655 per
927 1569 1143 1653 legem
1181 1570 1448 1654 (inquit)
1496 1580 1599 1636 est
1631 1570 2030 1646 iustificatiO,
2063 1577 2132 1633 et
2173 1568 2541 1652 praedicari
2594 1569 2912 1633 conuenit

507 1669 1068 1737 circumcisionem
1131 1673 1216 1737 ad
1283 1674 1448 1757 legis
1508 1674 1902 1749 custodiam,
1963 1676 2134 1739 sicut
2197 1672 2290 1735 illi
2351 1672 2601 1746 dicunt,
2679 1679 2912 1753 utpote

509 1775 782 1837 minime
830 1777 1022 1840 nobis
1077 1777 1320 1841 iuuatis
1373 1778 1458 1841 de
1499 1777 1641 1841 sola
1693 1778 1807 1842 illa
1849 1798 2024 1861 quae
2077 1778 2143 1840 in
2195 1775 2465 1841 Christo
2511 1784 2611 1838 est
2654 1774 2809 1853 fide,
2856 1774 2911 1836 si

508 1898 639 1940 non
674 1888 740 1941 et
774 1878 988 1960 legem
1022 1881 1570 1958 custodierimus;
1614 1902 1788 1944 uana
1820 1882 2091 1964 quidem
2133 1887 2290 1943 sunt
2326 1881 2550 1943 omnia
2595 1879 2708 1942 illa
2740 1899 2914 1962 quae

508 1979 871 2043 secundum
905 2002 1163 2046 crucem
1197 1993 1369 2058 sunt,
1415 1994 1482 2048 et
1513 1985 1695 2065 quod
1733 1983 1887 2046 hinc
1929 1982 2171 2045 infirmi
2213 1981 2604 2045 scandalum
2652 1983 2914 2063 patiun-

405 2088 473 2154 15
509 2090 628 2144 tur.
722 2102 892 2145 uane
936 2093 1163 2147 autem
1211 2094 1279 2147 et
1324 2105 1445 2147 nos
1478 2085 2010 2167 persecutionem
2058 2083 2369 2164 patimur,
2416 2083 2558 2145 siue
2602 2101 2731 2163 ego
2771 2082 2914 2144 siue

506 2182 705 2243 ceteri
768 2185 881 2264 qui
936 2194 1003 2247 et
1056 2186 1447 2267 praedicant
1497 2184 1681 2248 illam
1738 2205 1910 2266 quae
1957 2184 2022 2245 in
2073 2182 2340 2246 Christo
2386 2190 2489 2245 est
2531 2181 2751 2245 fidem.
2844 2191 2912 2245 et

507 2293 778 2366 propter
834 2285 962 2350 hoc
1021 2287 1338 2369 quoniam
1401 2288 1526 2370 ipsi
1587 2287 2118 2369 persecutionem
2194 2286 2539 2368 patiuntur
2608 2283 2915 2347 similiter

507 2387 679 2450 sicut
725 2395 793 2451 et
842 2408 986 2470 egO,
1039 2408 1192 2451 curn
1254 2388 1452 2454 liceat
1508 2390 1700 2452 nobis
1753 2387 1868 2452 illa
1915 2408 2089 2471 quae
2137 2388 2304 2470 legis
2351 2395 2509 2450 sunt
2560 2388 2799 2451 docere
2843 2395 2911 2448 et

507 2509 776 2555 omnem
824 2512 1048 2555 carere
1097 2491 1495 2566 molestiam,
1551 2491 1751 2556 simul
1804 2492 2139 2559 lucrantes
2198 2492 2570 2557 cotidianos
2612 2508 2911 2572 angores,

399 2605 483 2654 20
508 2592 625 2656 sed
679 2613 814 2658 non
864 2595 957 2659 ita
1004 2614 1077 2658 se
1130 2615 1233 2659 res
1279 2594 1526 2676 habet;
1588 2618 1712 2660 nec
1760 2597 1936 2662 enim
1992 2595 2311 2678 possibile
2370 2603 2476 2660 est
2522 2615 2642 2677 per
2692 2593 2910 2677 legem

508 2693 863 2760 iustificari.
951 2697 1070 2761 sed
1129 2698 1347 2780 gratia
1407 2698 1474 2762 in
1533 2700 1728 2762 nobis
1790 2697 2037 2763 Christi
2096 2696 2230 2761 ista
2290 2696 2568 2780 implere
2629 2696 2912 2772 uidetur,

509 2798 621 2880 qui
682 2808 956 2882 propter
1012 2800 1140 2864 hoc
1199 2812 1267 2865 et
1328 2802 1683 2866 crucifixus
1736 2811 1838 2868 est
1886 2812 1957 2867 et
2022 2811 2345 2880 mortuuS,
2409 2811 2485 2865 ut
2545 2822 2914 2885 exsurgens

508 2921 934 2967 communem
998 2904 1190 2967 nobis
1239 2905 1564 2969 bonorum
1628 2906 1891 2971 illorum
1954 2928 2127 2990 quae
2179 2906 2337 2970 i-nde
2386 2915 2545 2969 sunt
2593 2907 2915 2989 praebeat

508 3008 908 3073 fruitionem.
998 3009 1151 3073 ideo
1189 3010 1670 3092 praedicamu3‚
1699 3011 1857 3094 quia
1904 3031 2039 3074 non
2091 3010 2559 3075 erubescentes
2609 3009 2915 3092 ignobili·

398 3125 434 3172 2
444 3120 475 3189 5
509 3122 720 3176 tatem
755 3113 940 3176 illam
974 3134 1147 3197 quae
1179 3134 1267 3177 ex
1300 3135 1380 3178 ea
1411 3135 1556 3177 esse
1599 3114 2043 3189 existimatur,
2070 3113 2437 3196 gloriamur
2478 3132 2635 3176 uero
2676 3114 2744 3176 in
2789 3113 2915 3177 illis

509 3217 701 3280 bonis
760 3239 935 3299 quae
986 3239 1105 3300 per
1163 3218 1348 3282 illam
1409 3216 1585 3281 facta
1644 3226 1815 3281 sunt.
1908 3217 2193 3300 ideoque
2246 3209 2448 3280 etiam
2502 3217 2558 3279 si
2612 3237 2916 3299 persecu-

508 3321 762 3383 tionem
813 3321 952 3403 pati
997 3322 1370 3397 conueniat,
1403 3342 1535 3384 non
1582 3320 2057 3396 abhorremus;
2110 3320 2394 3384 maiores
2440 3321 2617 3382 enim
2666 3320 2915 3383 fructus

509 3421 756 3484 exinde
817 3444 935 3504 per
994 3425 1373 3504 passionem
1428 3444 1691 3486 sumere
1752 3431 2209 3504 expectamuS,
2279 3422 2346 3484 in
2407 3430 2672 3484 tantum
2735 3442 2915 3485 com-

510 3522 847 3585 municare
895 3523 955 3585 ei
1016 3535 1361 3606 sperantes
1422 3525 1489 3586 in
1543 3524 1844 3608 gloriam,
1898 3525 1966 3586 in
2013 3533 2341 3606 quantum
2391 3522 2794 3605 ignobilitati
2849 3531 2917 3585 et

398 3641 483 3705 30
508 3626 930 3708 passionibus
978 3627 1472 3691 communicare
1532 3626 1975 3692 uoluerimus?
2064 3636 2133 3691 et
2193 3627 2512 3709 quoniam
2573 3625 2920 3689 euidenter

506 3729 802 3793 ostendit
853 3729 1257 3813 superfluam
1321 3752 1466 3796 esse
1517 3731 2110 3804 circumcisionem,
2173 3729 2507 3811 siquidem
2568 3728 2683 3793 illa
2739 3750 2918 3812 quae

605 3921 634 3956 2
670 3906 715 3956 ei
741 3905 837 3971 (afl
857 3906 994 3966 facit)
1018 3906 1085 3955 H
1351 3921 1380 3969 3
1413 3906 1510 3957 illis
1534 3907 1602 3956 Η
1868 3919 1896 3969 5
1932 3907 1997 3956 ad
2020 3904 2394 3956 similitudinem
2418 3906 2522 3956 eius
2543 3907 2918 3960 similitudinem

505 3990 904 4055 persecutionum
927 3990 995 4038 II
1219 4004 1278 4038 10
1310 3989 1416 4039 eius
1437 3988 1549 4053 (jor
1562 3994 1658 4051 est)
1683 3990 1749 4040 II
1931 4007 1988 4052 14
2020 3990 2272 4055 patiantur
2297 3990 2342 4038 C
2353 3988 2380 4014 ⁴*
2586 3993 2643 4040 18
2676 3992 2840 4042 dicere
2863 3993 2925 4041 H

506 4085 571 4120 20
603 4070 913 4135 impossibile
934 4070 995 4118 H
1102 4084 1163 4133 23
1198 4085 1463 4120 commune
1491 4071 1629 4121 (ΡΗ
1653 4070 1660 4134 Ι
1688 4087 1815 4136 quae
1837 4071 2018 4121 desunt
2045 4073 2088 4121 C
2115 4070 2123 4134 Ι
2150 4072 2420 4136 praebeant
2443 4072 2512 4122 Η
2606 4085 2667 4136 27
2704 4075 2922 4139 patimur

507 4154 621 4217 (sor
642 4153 746 4217 pati
768 4149 938 4216 conu.)
964 4151 1033 4201 Η
1217 4168 1273 4216 31
1312 4152 1614 4217 superfluum
1638 4153 1706 4202 H

578 4329 654 4365 ια.
709 4313 919 4375 iuuatis]
986 4313 1096 4364 The
1117 4313 1338 4363 lexicons
1361 4314 1476 4378 give
1497 4330 1564 4364 no
1589 4315 1663 4363 in·
1835 4329 1907 4379 ¹9·
1968 4313 2214 4364 lucrantes
2246 4315 2511 4365 cotidianos
2540 4315 2766 4381 angores]
2839 4317 2920 4367 Cf.

505 4405 675 4446 stance
700 4395 759 4445 of
791 4397 888 4447 this
929 4396 1072 4447 sorm-
1140 4396 1222 4448 Cs.
1256 4397 1416 4462 infra,
1451 4414 1504 4463 p.
1552 4410 1658 4459 105,
1765 4396 1892 4447 Acts
1914 4396 2062 4448 xxvii.
2092 4413 2189 4448 212
2223 4398 2450 4461 κερδῆσαι
2472 4398 2561 4458 τὴν
2581 4398 2720 4461 ὕβριν
2743 4399 2924 4458 ταύτην

506 4477 541 4525 l.
575 4490 647 4535 ιο,
675 4476 955 4526 adiunctus.
1765 4479 1843 4526 καὶ
1869 4479 2055 4542 ζημίαν.
