3293 5233
528 422 659 472 220

1197 418 1655 472 THEODORUS
1699 418 2284 474 MOPSUESTENUS

2731 408 2855 493 [11.
2888 414 2949 498 8,

522 591 739 658 dixit:
781 591 900 676 qui
939 591 1266 676 informa
1303 594 1577 658 existens
1615 601 1686 659 et
1726 594 1998 678 reliqua,
2029 597 2259 660 omnia
2297 594 2411 660 illa
2452 595 2628 660 dixit
2669 617 2843 680 quae
2877 597 2950 661 in

520 713 804 776 persona
836 694 1309 778 intelleguntur
1341 695 1586 761 Christi
1611 716 1628 774 3
1656 698 1966 779 formam
2008 718 2168 761 uero
2206 698 2403 778 serui,
2436 718 2521 762 ne
2565 699 2746 762 aliud
2778 699 2949 783 quid

523 807 783 879 praeter
819 797 1158 862 Christum
1198 820 1345 863 esse
1384 800 1807 864 existimetur
1854 811 2213 884 reputasse,
2263 823 2345 866 eo
2393 801 2574 885 quod
2617 812 2686 868 et
2725 805 2814 868 ab
2861 826 2949 869 eo

520 903 606 966 sit
655 911 942 985 accepta.
1034 902 1263 966 dicens
1299 923 1456 966 uero
1498 924 1932 988 quaecunque
1970 906 2375 988 oportebant
2412 906 2498 969 de
2545 906 2773 971 diuina
2811 908 2948 972 dici

459 1021 491 1089 5
525 1012 777 1080 natura,
810 1004 896 1067 ad
927 1003 1319 1070 humilitatis
1351 1014 1784 1088 augmentum
1817 1007 2164 1070 coniunxit
2193 1017 2261 1070 et
2294 1006 2406 1071 illa
2436 1029 2609 1092 quae
2639 1008 2950 1072 humani-

524 1106 680 1170 tatis
739 1115 896 1170 sunt
957 1108 1222 1191 propria
1281 1108 1348 1171 in
1408 1130 1541 1172 una
1616 1109 1986 1193 eademque
2061 1131 2361 1193 persona.

2453 1112 2679 1178 dicens
2756 1114 2946 1179 illum

523 1207 859 1286 honorem,
892 1211 1003 1293 qui
1036 1231 1193 1293 erga
1224 1231 1377 1274 eum
1407 1221 1562 1294 post
1601 1213 1979 1294 passionem
2022 1214 2272 1286 existit,
2306 1214 2550 1278 adiecit
2580 1236 2594 1278 :
2639 1216 2948 1299 quoniam

521 1311 823 1376 dominus
849 1312 1031 1377 Iesus
1064 1312 1377 1390 Christus,
1412 1314 1754 1379 euidenter
1783 1317 2162 1398 ostendenS,
2195 1320 2510 1401 quoniam
2557 1340 2692 1384 non
2739 1318 2946 1385 alium

525 1418 813 1501 aliquem
860 1430 1121 1502 praeter
1167 1419 1502 1485 Christum
1549 1420 1892 1484 existimat
1938 1442 2082 1484 esse
2127 1431 2507 1504 susceptum
2562 1422 2949 1504 hominem;

423 1543 502 1591 10
526 1532 593 1585 et
654 1522 895 1586 uirtute
956 1522 1218 1585 illorum
1279 1544 1450 1605 quae
1524 1521 1980 1603 significantur
2054 1532 2435 1586 naturarum
2498 1523 2945 1590 differentiam

526 1623 834 1689 ostendit.
926 1644 1083 1688 nam
1125 1646 1212 1688 ex
1252 1624 1367 1688 illo
1407 1625 1586 1707 quod
1633 1625 1701 1686 in
1748 1645 1879 1687 una
1922 1644 2205 1707 persona
2247 1626 2474 1688 omnia
2514 1625 2710 1703 dixit,
2741 1648 2947 1710 copu-

526 1726 844 1791 lationem
893 1727 1291 1791 sufficienter
1341 1726 1650 1790 ostendit.
1741 1728 1966 1790 omnia
2028 1728 2296 1809 quidem
2360 1728 2426 1790 in
2487 1728 2635 1792 loco
2685 1730 2798 1793 ubi
2860 1730 2946 1795 de

527 1828 794 1894 Christo
842 1830 1158 1912 disputat,
1207 1829 1394 1912 quasi
1443 1829 1527 1893 de
1575 1850 1709 1893 una
1757 1850 2038 1912 persona
2085 1829 2388 1892 uniuerse
2441 1830 2640 1910 dicit;
2686 1842 2754 1895 et
2810 1831 2944 1908 illa,

526 1956 697 2018 quae
746 1936 990 1998 uirtute
1041 1943 1196 1997 sunt
1249 1933 1620 1997 differentia
1670 1933 2034 1996 secundum
2085 1941 2468 1996 naturarum
2531 1934 2946 2011 diuisionem,

423 2059 493 2125 15
528 2037 594 2099 in
648 2056 854 2100 unum
913 2037 1140 2099 omnia
1198 2034 1484 2117 collegit,
1545 2035 1636 2098 ita
1686 2044 1759 2098 ut
1813 2034 2168 2098 indiuisam
2229 2036 2560 2100 custodiat
2621 2056 2947 2118 personae

527 2139 1037 2222 copulationem.
1125 2138 1255 2202 hoc
1284 2158 1441 2201 uero
1474 2139 1539 2199 in
1577 2137 1726 2201 loco
1757 2148 1824 2202 et
1856 2140 2152 2202 maxime
2197 2139 2325 2204 hoc
2355 2140 2715 2222 prudenter
2742 2141 2944 2206 simul

527 2252 596 2305 et
637 2241 1001 2304 necessarie
1041 2242 1254 2323 egisse
1299 2240 1581 2304 uidetur.

1673 2261 1806 2304 non
1850 2252 2120 2324 propter
2150 2243 2697 2306 consuetudinem
2727 2244 2945 2308 solam

528 2363 730 2425 quam
761 2342 1057 2405 abutitur
1086 2341 1173 2405 ad
1204 2340 1661 2423 scrupulosam
1696 2343 2067 2406 doctrinam
2098 2345 2450 2427 dogmatiS,
2483 2346 2600 2409 sed
2634 2354 2703 2409 et
2733 2367 2947 2428 quan·

528 2456 670 2511 tum
703 2447 787 2510 ad
821 2466 1131 2529 praesens
1163 2454 1645 2527 argumentum,
1680 2446 1875 2509 ualde
1917 2447 2080 2510 haec
2116 2448 2368 2530 species
2413 2449 2806 2512 narrationis
2848 2450 2945 2514 illi

417 2572 502 2620 20
529 2549 982 2612 conueniebat.
1073 2549 1489 2633 propositum
1542 2548 1635 2611 illi
1688 2558 1830 2612 erat
1890 2551 2067 2613 enim
2129 2560 2203 2613 ut
2255 2549 2523 2614 doceret
2576 2560 2643 2615 et
2698 2550 2948 2637 Philip·

527 2674 781 2738 penseS,
831 2654 1144 2737 quoniam
1194 2654 1372 2717 bona
1416 2661 1517 2716 est
1570 2653 1913 2717 humilitas
1972 2662 2041 2717 et
2088 2653 2284 2718 ualde
2333 2655 2661 2719 sufficiens
2715 2658 2946 2739 agenti

626 2843 657 2887 4
692 2822 812 2873 dicit
838 2822 955 2887 (for
975 2822 1096 2883 dici)
1120 2839 1153 2871 r

527 2906 646 2967 una)
670 2922 703 2954 r
868 2920 924 2969 ¹3
958 2904 1188 2953 uniuersa
1215 2904 1259 2954 C
1279 2904 1428 2965 (corr)
1452 2920 1485 2952 r

528 2986 641 3051 (sor
659 2986 780 3047 non)
805 3003 838 3035 r

527 3117 671 3181 glory
692 3117 749 3166 os
775 3117 860 3166 the
896 3118 1082 3167 Person
1114 3117 1173 3166 os
1198 3117 1400 3174 Christ3
1435 3117 1533 3165 and
1566 3115 1684 3179 they

1410 2837 1468 2871 10
1500 2821 1738 2871 uirtutem
1766 2822 1811 2870 C
1824 2821 1891 2869 H
1898 2837 1931 2869 r

1674 2917 1729 2964 ¹5
1765 2901 1956 2965 colligit
1978 2902 2042 2951 H
2064 2899 2074 2965 Ι
2101 2901 2313 2950 diuisam
2341 2900 2411 2951 C*
2435 2903 2504 2951 H
2515 2918 2548 2950 r

2182 2835 2234 2870 11
2274 2836 2375 2885 quo
2399 2821 2570 2871 diuina
2596 2820 2712 2886 (for
2731 2822 2868 2887 quod
2891 2823 2948 2873 in

2734 2916 2790 2968 ¹7
2824 2920 2948 2956 nam

1855 3129 1929 3163 10.
1980 3114 2166 3161 uirtute
2198 3114 2402 3162 illorum
2425 3130 2550 3178 quae
2569 3114 2948 3179 sigmficantur]

526 3214 612 3247 are
650 3198 989 3261 immediately
1023 3198 1295 3247 connected
1334 3197 1456 3246 with
1493 3195 1687 3258 μορφὴν
1780 3194 1989 3258 Jacobi:
2016 3194 2212 3242 “codd.
2238 3209 2525 3259 perperam:
2556 3196 2947 3261 “gustantur-‚-

530 3277 702 3327 δούλου
723 3281 902 3339 λαβών,
932 3281 1096 3335 κ.τ.λ.,
1128 3279 1179 3326 in
1213 3279 1357 3327 order
1391 3286 1444 3328 to
1476 3277 1684 3327 exclude

529 3361 614 3411 the
645 3360 1036 3424 misconception
1071 3362 1179 3409 that
1214 3360 1299 3409 the
1334 3361 1542 3409 Human
1577 3360 1683 3408 Na-

528 3440 808 3490 turetaken
832 3442 899 3504 by
923 3441 1038 3489 God
1062 3440 1146 3488 the
1171 3440 1329 3488 Word
1358 3441 1448 3489 has
1478 3457 1508 3489 a
1541 3456 1681 3504 sepa-

529 3528 634 3570 rate
656 3520 960 3569 subsistence
982 3536 1039 3568 or
1061 3518 1399 3583 personality.’
1467 3521 1563 3569 See
1596 3520 1682 3569 be-

528 3602 642 3659 loW,
684 3601 714 3649 1.
747 3603 793 3659 8,
835 3605 865 3627 ‘⁶
880 3615 980 3647 non
1026 3600 1180 3647 alium
1225 3600 1442 3664 aliquem
1488 3609 1685 3665 praeter

530 3683 782 3732 Christum
807 3682 1054 3730 existimat
1078 3691 1358 3745 susceptum
1377 3680 1682 3731 hominem.’'

528 3767 624 3816 Th.
658 3766 839 3814 indeed
874 3765 1113 3829 regarded
1150 3766 1235 3815 the
1270 3767 1413 3815 homo
1440 3774 1683 3829 susceptus

528 3864 583 3897 as
619 3846 846 3911 persona}
888 3844 1094 3910 (τέλειον
1127 3844 1184 3894 τὰ
1224 3846 1483 3909 πρόσωπόν
1523 3854 1684 3906 φαμεν

530 3930 649 3976 εἶναι
681 3927 767 3975 τοῦ
796 3925 1082 3987 ἀνθρώπου),
1119 3937 1203 3993 yet
1237 3930 1287 3977 in
1321 3929 1480 3978 virtue
1514 3928 1571 3976 of
1600 3929 1685 3977 the

535 4004 745 4056 ‘union’
801 4006 1112 4070 inseparable
1166 4009 1217 4055 in
1274 4007 1371 4055 fact
1425 4008 1551 4056 from
1597 4007 1684 4055 the

530 4086 727 4137 Second
752 4087 937 4135 Person
962 4086 1018 4134 os
1045 4087 1130 4135 the
1155 4087 1296 4150 Holy
1318 4087 1528 4149 Trinity.
1599 4086 1683 4135 On

528 4167 614 4215 the
638 4167 845 4216 relation
869 4166 919 4214 in
943 4166 1104 4214 which
1137 4166 1235 4215 this
1269 4166 1395 4214 view
1426 4167 1597 4215 stands
1630 4173 1684 4214 to

529 4251 613 4299 the
651 4250 877 4299 doctrine
907 4248 965 4297 os
994 4249 1079 4298 the
1114 4249 1315 4297 Church
1350 4264 1431 4297 see
1466 4248 1680 4306 Domer‚

530 4344 590 4380 11.
629 4331 660 4381 i.
708 4347 755 4395 p.
793 4344 855 4392 47
892 4347 991 4392 sq.;
1043 4331 1294 4385 Neander,
1346 4330 1435 4377 Ch.
1478 4331 1572 4387 H„
1613 4330 1679 4379 iv.

525 4430 578 4477 p.
631 4414 758 4470 1185
812 4412 913 4461 and
958 4412 1043 4461 the
1090 4411 1436 4462 Introduction
1482 4419 1535 4461 to
1584 4411 1682 4463 this

525 4493 731 4544 edition.

1784 3276 1880 3338 leg.
1920 3275 2256 3340 sag-›efficantst'
2347 3276 2374 3324 I
2418 3277 2582 3341 prefer
2625 3278 2711 3327 the
2750 3279 2946 3343 change

1782 3357 2002 3420 adopted
2034 3356 2085 3405 in
2121 3356 2206 3406 the
2240 3364 2361 3407 text.
2429 3358 2540 3407 The
2573 3358 2808 3424 meaning
2839 3358 2940 3410 win

1783 3437 1875 3486 be:
1918 3437 2029 3485 ‘the
2062 3437 2327 3487 difference
2361 3438 2418 3487 of
2445 3439 2530 3489 the
2557 3448 2659 3489 two
2679 3451 2879 3492 natures
2902 3442 2946 3492 is

1783 3518 2032 3568 indicated
2076 3521 2144 3584 by
2182 3520 2268 3568 the
2311 3522 2584 3585 properties
2623 3523 2850 3573 ascribed
2889 3532 2945 3574 to

1784 3601 1920 3649 them
1945 3600 2305 3665 respectively.’
2356 3602 2427 3650 So
2445 3602 2548 3664 just
2570 3604 2734 3653 below
2751 3605 2805 3665 (l.
2834 3608 2942 3668 14):

1786 3683 1922 3731 “illa
1959 3698 2086 3746 quae
2119 3685 2302 3732 uirtute
2339 3693 2453 3733 sunt
2488 3685 2766 3736 differentia
2778 3687 2834 3746 ;”
2873 3688 2937 3739 cf.

1782 3765 1889 3813 also
1907 3764 1991 3813 the
2016 3764 2162 3813 Latin
2181 3773 2370 3815 extract
2387 3765 2438 3815 in
2463 3767 2652 3830 Migne,
2674 3768 2798 3832 983:
2828 3770 2944 3820 “ex

1786 3846 2064 3895 differentia
2085 3846 2288 3910 quidem
2316 3847 2513 3896 illorum
2539 3863 2666 3910 quae
2689 3848 2937 3909 dicuntur,

1785 3926 2064 3975 differentia
2110 3928 2411 3992 intellegitur
2455 3936 2771 3988 naturarum;
2824 3946 2940 3980 cum

1785 4015 1951 4054 autem
1978 4007 2279 4069 rediguntur,
2310 4007 2622 4057 manifestam
2645 4010 2942 4076 suspicimus

1782 4086 2191 4137 adunationem.”

1856 4185 1926 4219 12.
1999 4170 2191 4231 omnia]
2261 4171 2372 4221 For.
2404 4171 2501 4236 leg.
2525 4172 2680 4222 omni.

1855 4263 1928 4309 ¹5·
1976 4248 2045 4297 ita
2069 4255 2128 4297 ut
2147 4251 2437 4311 indiuisam,
2466 4252 2578 4313 δια]
2647 4252 2725 4301 Cf.
2746 4253 2937 4318 Migne,

1784 4330 1907 4393 985:
1964 4330 1993 4386 ἡ
2037 4327 2124 4378 τοῦ
2177 4333 2439 4394 προσώπου
2493 4333 2659 4382 ἔνωσις
2712 4335 2941 4399 [ὀφείλει]

1784 4409 2130 4463 ἀδιασπάστως
2183 4416 2535 4476 φυλάττεσθαι.
2608 4416 2825 4476 Sachau,
2883 4435 2933 4484 p.

1785 4497 1926 4549 ἐξ
1962 4493 2082 4558 (5¹).
