3293 5233
600 423 731 491 280

1246 423 1707 491 'r1-1'E0D0Rus
1753 436 2342 491 MOPSUESTENUS

2640 423 2723 506 [1.
2755 438 2792 486 2
2803 435 3017 503 5—27

603 606 718 670 illa
764 601 938 690 quae
987 590 1305 671 correcta
1330 617 1485 671 sunt
1532 628 1654 690 pro
1709 609 1919 686 uobiS,
1966 610 2343 692 suscipiatis
2401 610 2489 674 de
2548 609 2680 674 illis
2741 609 3024 692 promis·

602 711 878 774 sionem.
964 708 1109 776 hoc,
1144 720 1368 774 autem
1422 711 1564 773 sine
1617 710 1843 774 labore
1887 721 1955 775 et
2001 695 2539 776 tribulationibus
2587 712 2724 776 fieri
2774 732 3025 794 nequa-

596 830 810 892 quam
867 820 1106 893 potest.
1224 832 1346 893 pro
1402 811 1509 874 his
1566 833 1727 895 ergo
1785 815 2006 896 patior
2061 815 2453 878 circumiens
2505 826 2576 880 et
2632 815 3026 898 praedicans

607 912 917 975 omnibus
976 911 1090 976 illa
1148 933 1321 995 quae
1379 923 1536 977 sunt
1594 915 1863 992 directa,
1920 916 2014 979 ita
2068 926 2143 980 ut
2203 937 2325 979 uos
2384 918 2728 980 credentes
2779 916 3023 978 affectu

506 1085 512 1089 ,
545 1029 577 1098 5
608 1013 813 1075 animi
844 1014 1409 1096 propinquitatem
1444 1015 1627 1079 illam
1659 1037 1831 1099 quae
1873 1018 1959 1080 ad
1993 1037 2144 1080 eum
2189 1028 2291 1082 est
2342 1018 2681 1100 accipiatis
2709 1037 2725 1094 3
2783 1016 3023 1080 horum

609 1114 788 1177 enim
820 1133 947 1207 ego
985 1115 1181 1183 extiti
1226 1116 1602 1207 minister*.’
1693 1128 1762 1182 et
1806 1128 1881 1182 ut
1927 1140 2011 1182 ne
2058 1120 2364 1183 uideatur
2407 1119 2546 1183 alta
2589 1119 2854 1202 sapiens
2897 1117 3026 1181 sibi

509 1280 512 1284 .
609 1218 735 1299 ipsi
767 1217 1110 1281 ministerii
1140 1220 1512 1283 adscribere
1541 1221 1973 1285 directionem
2002 1246 2016 1286 :

738 1380 1083 1443 secundum
1139 1381 1671 1462 dispensationem
1728 1383 1862 1447 Dei
1913 1401 2075 1466 quae
2131 1384 2291 1448 data
2340 1394 2435 1448 est
2491 1383 2660 1448 milti
2708 1383 2779 1447 in
2830 1382 3027 1460 uobis,

610 1483 961 1565 adimplere
989 1484 1253 1548 uerbum
1282 1485 1427 1563 Dei,
1461 1486 1838 1568 mysterium
1878 1487 2053 1569 quod
2079 1487 2522 1551 absconditum
2549 1497 2645 1551 est
2681 1508 2724 1550 a
2757 1485 3030 1550 saeculis
3069 1544 3076 1550 .

512 1610 590 1659 10
610 1598 673 1652 et
697 1611 741 1651 a
758 1587 1318 1670 generationibus,·
1379 1610 1548 1652 nunc
1575 1610 1724 1653 uero
1754 1590 2178 1671 manifestum
2216 1602 2311 1655 est
2346 1592 2587 1655 sanctis
2613 1591 2764 1668 eius,
2795 1590 3030 1673 quibus

613 1694 824 1757 uoluit
849 1692 1031 1756 Deus
1060 1702 1281 1756 notum
1303 1693 1529 1775 facere
1555 1714 1717 1775 quae
1742 1703 1899 1757 sunt
1923 1692 2199 1758 diuitiae
2225 1694 2480 1779 gloriae
2513 1695 2809 1778 mysterii
2832 1693 3031 1758 huius

616 1797 686 1860 in
703 1796 1025 1879 gentibus,

742 1927 907 1993 haec
938 1929 1209 2013 quidem
1240 1930 1443 1993 etiam
1476 1930 1636 2012 ipsis
1665 1929 2083 1993 sermonibus
2114 1930 2180 1993 in
2214 1929 2397 1994 illam
2429 1929 2782 2013 epistol'am
2823 1946 3027 2011 quam

616 2028 924 2111 Ephesiis
954 2032 1303 2113 scripserat
1333 2032 1551 2113 posita
1582 2051 1725 2094 esse
1756 2032 1904 2113 quis
1936 2033 2245 2108 inueniet,
2276 2053 2357 2096 eo
2397 2034 2576 2115 quod
2621 2041 2689 2095 et
2730 2029 2913 2094 illam
2959 2036 3031 2092 et

506 2145 582 2214 15
616 2133 813 2196 istam
837 2134 924 2196 ad
957 2133 1103 2196 illos
1134 2135 1246 2217 qui
1271 2155 1342 2197 se
1366 2153 1498 2197 non
1522 2135 1831 2198 uiderunt
1853 2134 2186 2200 scribebat
2209 2155 2226 2213 ;
2258 2137 2408 2200 ideo
2429 2145 2496 2199 et
2526 2135 2775 2199 multos
2797 2154 3030 2198 sensus

619 2341 813 2407 θέντα
854 2342 1009 2425 παρ’
1054 2339 1268 2417 αὐτοῦ,
1308 2340 1624 2426 δέξασθαι
1662 2342 1780 2423 τὴν
1822 2342 1971 2431 περὶ
2005 2341 2222 2410 αὐτῶν
2258 2342 2684 2426 ἐπαγγελίαν·
2731 2346 2923 2410 τοῦτο
2961 2343 3031 2411 δὲ

616 2442 769 2508 ἄνευ
815 2442 1031 2509 πόνων
1079 2443 1189 2508 καὶ
1243 2444 1541 2529 θλίψεων
1586 2444 1896 2527 «γενέσθαι
1941 2443 2231 2528 οὐδαμῶς
2283 2444 2420 2511 οῖὸν
2466 2472 2539 2511 τε
2585 2443 2685 2526 ἦν·
2738 2443 2902 2528 ὑπὲρ
2950 2439 3029 2527 δὴ

617 2544 863 2611 τούτων
906 2544 1172 2634 πάσχω,
1224 2545 1490 2633 περιϊὼν
1535 2546 1645 2610 καὶ
1690 2545 2019 2634 κηρύττων
2068 2545 2323 2614 ἅπασιν
2373 2546 2458 2614 τὰ
2517 2547 3028 2635 κατορθωθέντα,

618 2646 811 2741 ὥστε,
838 2648 1001 2733 ὑμᾶς
1048 2649 1528 2720 πιστεύσαντας
1574 2653 1655 2734 τῇ
1700 2650 1989 2717 διαθέσει
2033 2653 2147 2731 τῆς
2189 2654 2420 2738 ψυχῆς
2467 2650 2585 2734 τὴν
2629 2651 2792 2738 πρὸς
2836 2649 3032 2717 αὐτὸν
3109 2680 3122 2689 ·

510 2778 596 2826 20
618 2750 945 2818 οἶκείωσιν
975 2751 1304 2837 δέξασθαι·
1350 2752 1596 2820 τούτων
1622 2753 1749 2840 *γὰρ
1781 2755 1906 2838 ἐογώ
1935 2753 2261 2835 κατέστην
2288 2753 2612 2824 διάκονος]

722 2958 741 2991 1
781 2951 895 2992 sunt
916 2952 1136 2993 correcta
1172 2961 1204 2992 r

625 3039 683 3088 14
717 3026 827 3089 quis
849 3042 924 3074 om
955 3026 999 3075 C
1016 3027 1083 3075 H
1100 3024 1108 3090 Ι
1140 3026 1362 3077 inuenies
1389 3028 1433 3076 C
1455 3026 1597 3091 (corr)

621 3214 674 3256 to
712 3207 825 3256 lead
864 3221 964 3270 you
1003 3213 1056 3255 to
1090 3206 1176 3255 the
1215 3205 1339 3255 saith
1374 3206 1443 3270 by
1478 3205 1643 3255 which
1681 3220 1779 3269 you

621 3290 829 3339 become
872 3287 1128 3353 partakers
1171 3286 1230 3336 of
1266 3288 1330 3337 its
1372 3287 1599 3336 benefits.
1668 3287 1781 3337 The

622 3371 895 3435 prfflching
929 3371 987 3420 of
1017 3371 1101 3419 the
1138 3370 1326 3434 Gospel
1362 3371 1404 3419 is
1439 3386 1700 3436 necessary
1727 3380 1780 3419 to

621 3469 744 3517 your
774 3453 1017 3501 salvation
1046 3467 1101 3500 as
1132 3453 1246 3501 weil
1282 3469 1336 3500 as
1371 3452 1456 3501 the
1494 3452 1698 3501 Passion
1729 3451 1788 3501 of

622 3536 709 3584 the
746 3535 898 3584 Cross
915 3552 933 3595 ς
988 3535 1073 3583 the
1109 3534 1256 3583 latter
1288 3535 1454 3583 would
1490 3535 1617 3584 have
1652 3536 1781 3584 been

624 3617 827 3679 lacking
880 3617 932 3664 in
988 3615 1132 3664 effect
1176 3616 1386 3665 without
1441 3616 1527 3666 the
1582 3615 1782 3666 former.

625 3700 751 3748 This
790 3696 1034 3759 ὑστέρημα
1069 3697 1108 3746 it
1143 3697 1234 3746 has
1273 3699 1400 3746 been
1433 3699 1581 3762 given
1616 3715 1697 3747 me
1731 3704 1784 3747 to

625 3776 841 3844 supply!
908 3779 1062 3827 Thdt.
1100 3785 1294 3842 repeats
1330 3779 1427 3828 this
1463 3779 1783 3843 explanation

626 3864 678 3912 in
702 3863 845 3911 other
865 3861 962 3911 and
995 3861 1179 3911 clearer
1203 3862 1393 3910 words:
1430 3864 1507 3911 καὶ
1544 3861 1571 3910 ὁ
1608 3859 1784 3910 δεσπό-

626 3958 711 4000 της
730 3941 937 4002 Χριστὸς
960 3942 1043 3988 τὸν
1066 3936 1187 3999 ὖπέρ
1209 3932 1297 3998 τῆς
1318 3939 1574 4000 ἐκκλησίας
1597 3940 1785 3989 κατεδέ·

629 4027 745 4084 ξατο
802 4024 1006 4071 θάνατον
1013 4060 1129 4071 ......
1137 4022 1215 4070 καὶ
1270 4022 1297 4071 ὁ
1345 4020 1466 4072 θεῖος
1517 4021 1790 4071 ἀπόστολος

632 4104 855 4153 ὡσαύτως
898 4099 1020 4164 ὑπὲρ
1062 4104 1207 4161 αὐτῆς
1252 4100 1439 4162 ὑπέστη
1481 4105 1545 4151 τὰ
1591 4104 1788 4152 ποικίλα

633 4187 901 4242 παθήματα
908 4223 1024 4233 ......
1033 4180 1426 4246 ἀνταναπληροῦν
1482 4187 1533 4233 δὲ
1587 4186 1685 4242 ἔφη
1726 4185 1791 4233 τὸ,

634 4263 762 4324 tier„
813 4266 981 4324 κ.τ.λ.,
1032 4266 1092 4315 ὠς
1146 4266 1204 4313 τὸ
1259 4265 1538 4323 λειπόμενον
1593 4266 1791 4326 πληρῶν

637 4347 717 4396 καὶ
759 4347 855 4394 τῶν
898 4344 1016 4407 ὑπὲρ
1060 4348 1229 4394 τούτου
1279 4346 1576 4405 παθημάτων
1623 4343 1792 4405 ἀνεχό·

637 4443 791 4484 μενος.
860 4428 1080 4474 ἐλείπετο
1104 4428 1155 4475 δὲ
1176 4427 1233 4474 τὸ
1256 4428 1447 4488 κηρῦξαι
1469 4427 1565 4475 τοῖς
1592 4427 1792 4472 ἔθνεσιν.

641 4510 815 4573 Meyer
836 4509 1087 4573 strangely
1109 4508 1385 4560 consounds
1408 4509 1505 4558 this
1528 4510 1655 4558 view
1673 4506 1793 4556 with

1396 2946 1425 2994 8
1460 2944 1618 3008 inquit
1649 2944 1748 3010 (ast
1766 2946 1919 3011 disp.)
1953 2947 2056 2995 add
2084 2964 2116 2995 r

2313 2961 2370 3009 13
2404 2945 2494 2995 illa
2525 2944 2737 3011 epistola
2765 2945 2812 2995 C
2830 2945 2977 3006 (corr)
3004 2961 3037 2993 r

1882 3207 1967 3257 the
1999 3208 2238 3272 persectly
2270 3208 2471 3257 distinct
2506 3208 2619 3257 idea
2649 3205 2707 3256 os
2733 3205 2934 3270 Chrysa
2982 3208 3039 3256 οὔ

1882 3291 1980 3352 ’γὰρ
2006 3292 2237 3351 βούλεται
2274 3286 2421 3337 αὐτοῦ
2448 3290 2584 3348 εἶναι,
2621 3285 2733 3337 ἀλλ’
2764 3289 2944 3337 ἐκείνου
2972 3290 3040 3337 τὰ

1883 3371 2116 3429 πάθη...ἇ
2154 3373 2254 3433 ἐγὼ
2288 3368 2486 3431 πάσχω,
2529 3370 2588 3419 δι’
2627 3372 2804 3419 ἐκεῖνον
2835 3371 3034 3432 πάσχω,

1883 3452 2054 3512 φησίν·
2116 3450 2240 3500 ὥστε
2284 3450 2352 3510 μὴ
2393 3452 2496 3509 ἐμοὶ
2541 3452 2683 3513 χάριν
2736 3447 3041 3513 ὁμολογεῖτε,

1883 3529 1996 3580 ἀλλ’
2020 3533 2195 3592 ἐκείνῳ·
2234 3529 2371 3580 αὐτὸς
2391 3531 2486 3593 ’γὰρ
2510 3533 2693 3592 πάσχει
2715 3527 2883 3579 ταῦτα.

1949 3614 1996 3661 8.
2067 3613 2124 3661 in
2176 3611 2328 3674 uobis]
2397 3614 2462 3661 εἰς
2484 3607 2612 3666 ὑμᾶς.
2660 3612 2724 3661 O.
2752 3611 2831 3673 L.‚
2859 3610 3033 3674 Vulg.,

1887 3693 1987 3740 “in
2012 3690 2153 3740 uos.‘'
2209 3692 2289 3741 Cf.
2310 3708 2360 3755 p.
2382 3690 2494 3753 276.
2519 3692 2553 3739 1.
2576 3704 2619 3753 5,
2649 3699 2783 3739 note.
2842 3691 3040 3740 Notum

1867 3772 2034 3835 facere
2065 3788 2191 3836 quac
2221 3779 2344 3820 sunt
2371 3773 2875 3834 ιίιήίίιάε-τ-’γνωρίσαι
2908 3774 2979 3823 τίς
3017 3770 3045 3822 ὁ

1883 3850 2104 3902 πλοῦτος.
2173 3853 2339 3917 Vulg.,
2376 3854 2561 3901 “notas
2585 3852 2743 3901 facere
2767 3853 3022 3903 diuitias.”

1956 3951 2029 3997 13.
2097 3935 2213 3998 ipsis
2239 3935 2562 3995 sermonibus]
2623 3936 2780 3983 αὐτοῖς
2813 3935 3042 3996 ῥήμασιν.

1885 4018 1997 4066 The
2036 4018 2281 4065 reference
2320 4032 2479 4064 seems
2515 4022 2568 4064 to
2606 4016 2666 4063 be
2704 4020 2755 4064 to
2793 4013 2926 4078 Eph.
2968 4014 3044 4068 iii.

1888 4095 2032 4146 2-6.

1963 4192 2036 4241 15.
2095 4178 2194 4227 ideo
2236 4185 2282 4227 et
2326 4179 2503 4227 multos
2551 4193 2734 4233 sensus,
2781 4176 2894 4239 δια]
2961 4176 3047 4230 Cf.

1892 4277 1941 4325 p.
1999 4260 2106 4319 116,
2155 4260 2188 4309 1.
2248 4275 2294 4323 5,
2350 4267 2484 4309 note.
2553 4261 2708 4309 Thdt.
2753 4262 2902 4325 again
2960 4262 3049 4325 (cf.

1893 4358 1944 4405 p.
1981 4356 2090 4405 253,
2123 4342 2156 4389 l.
2191 4359 2236 4398 2,
2270 4344 2404 4401 note)
2439 4339 2621 4390 refuses
2661 4349 2714 4389 to
2752 4342 2868 4390 take
2902 4343 3051 4394 Th.’s

1893 4424 2020 4472 view
2053 4440 2106 4472 as
2152 4430 2203 4473 to
2250 4425 2302 4474 S.
2341 4422 2504 4473 Paul's
2549 4430 2680 4472 want
2721 4423 2778 4470 of
2816 4429 3053 4486 persona!

1894 4505 2249 4568 acquaintance
2293 4504 2414 4553 with
2461 4504 2545 4554 the
2593 4503 2895 4565 Colossians,
2948 4510 3054 4559 and
