3293 5233
398 1618 497 1666 '10

526 417 648 497 180

1189 429 1649 484 THEODORUS
1698 431 2184 485 MOPSUESTEN
2194 433 2284 484 US

2691 418 2796 504 [V-
2843 436 2939 500 14

645 600 734 665 ad
797 599 956 663 illud
1008 599 1228 663 retulit
1287 600 1466 681 quod
1514 600 1739 666 dixit:
1786 607 1851 664 e't
1899 600 2091 666 nolite
2138 600 2604 666 communicare
2651 601 2943 685 operibus

513 701 938 777 tenebrarum,
969 701 1095 764 hoc
1139 709 1238 764 est
1266 724 1280 764 ε
1326 710 1341 736 ‘
1363 721 1484 764 uos
1514 703 1708 765 decet
1739 724 1873 766 non
1905 702 2165 766 illorum
2197 725 2399 786 opera
2431 705 2692 781 imitari,
2723 705 2839 768 sed
2872 713 2942 767 et

515 804 677 870 talia
707 825 903 887 agere
925 825 1097 887 quae
1128 805 1181 866 si
1213 804 1456 868 fuerint
1487 805 1926 883 manifestata,
1951 807 2170 870 tristes
2201 827 2321 870 uos
2354 808 2627 871 minime
2657 804 2941 872 faciant?

516 908 786 973 luminis
860 908 1037 971 enim
1098 916 1252 970 sunt
1305 928 1507 989 opera
1567 908 1680 971 illa
1739 930 1910 992 quae
1970 911 2036 974 in
2096 910 2450 974 manifesto
2502 910 2690 975 fiunt.

398 1103 407 1108 ,
457 1016 744 1089 sautem
791 1017 945 1072 sunt
990 1028 1192 1090 opera
1238 1009 1598 1088 uirtutum;
1666 1012 2087 1075 tenebrarum
2150 1033 2308 1076 uero
2361 1033 2562 1095 opera
2617 1013 2729 1076 illa
2784 1022 2941 1076 sunt

2778 911 2941 976 talia

518 1128 692 1191 quae
722 1109 1151 1174 occultantur.
1236 1111 1398 1174 talia
1428 1122 1653 1175 autem
1686 1123 1843 1176 sunt
1873 1133 2076 1197 opera
2105 1113 2417 1180 malitiae.

649 1212 893 1276 deinde
924 1214 1166 1277 adiecit
1197 1224 1263 1277 et
1293 1215 1749 1278 testimonium
1776 1236 1792 1279 z
2435 1216 2446 1228 ’

635 1376 900 1449 propter
939 1367 1112 1450 quod
1147 1366 1306 1431 dicit
1323 1390 1347 1430 .·
1391 1375 1408 1399 ‘
1423 1391 1618 1451 surge
1658 1370 1776 1452 qui
1815 1370 2078 1447 dormis,
2108 1382 2172 1435 et
2212 1392 2478 1455 exsurge
2521 1392 2601 1435 ex
2647 1371 2940 1448 mortuis,

517 1475 580 1529 et
607 1465 1030 1534 inluminabit
1057 1470 1178 1534 tibi
1212 1468 1540 1534 Christus?

651 1597 760 1660 alii
825 1597 1143 1679 continget
1212 1606 1272 1660 te
1338 1596 1640 1662 Clzristus
1712 1598 2052 1681 legerunt;
2127 1598 2331 1663 habet
2395 1608 2619 1662 autem
2686 1597 2940 1661 nullam

516 1704 955 1786 sequentiam.
1043 1703 1129 1765 de
1181 1702 1429 1766 lumine
1478 1703 1655 1766 enim
1710 1704 2077 1785 disputanS,
2125 1704 2373 1766 abusus
2426 1711 2529 1765 est
2579 1701 2707 1764 hoc
2753 1702 2941 1764 testi—

521 1810 861 1885 monium;
926 1808 1089 1871 dicit
1149 1818 1371 1870 autem
1434 1807 1520 1870 de
1580 1817 1855 1888 peccato
1915 1816 1984 1870 et
2045 1807 2406 1888 impietate.

2513 1804 2699 1868 atubi
2759 1805 2938 1867 enim

522 1915 867 1977 credentes
909 1912 975 1975 in
1028 1911 1291 1975 Christo
1340 1911 1719 1992 resipiscere
1771 1909 2190 1985 uoluerimuS,
2222 1919 2289 1972 et
2329 1909 2517 1991 quasi
2568 1908 2654 1970 de
2701 1927 2940 1970 somno

522 2029 589 2084 et
665 2027 878 2081 morte
958 2016 1250 2098 quadam
1332 2013 1783 2096 expergefacti
1868 2013 2200 2087 fuerimuS,
2274 2012 2672 2092 suscipimus
2754 2010 2936 2074 illam

420 2135 490 2202 15
523 2121 971 2203 cognitionem
1026 2128 1092 2181 et
1138 2118 1421 2199 gratiam
1471 2138 1642 2199 quae
1692 2117 1939 2180 exinde
1987 2119 2072 2180 ad
2124 2119 2330 2181 instar
2376 2117 2645 2181 luminis
2699 2117 2765 2178 in
2816 2136 2941 2179 nos

521 2225 849 2299 desertum
897 2221 1135 2303 quibus
1166 2222 1407 2283 decens
1440 2229 1540 2282 est
1571 2241 1693 2283 nos
1724 2230 2170 2284 consentanea
2202 2242 2413 2303 agere.

623 2375 648 2421 5
685 2365 799 2408 sunt
835 2358 922 2406 illa
955 2358 1021 2406 H

520 2446 834 2503 tempnentes
869 2453 970 2486 non
1005 2436 1258 2486 Christum
1299 2437 1343 2484 C
1371 2444 1656 2500 contempn.
1698 2436 1819 2486 Chr.
1850 2437 1947 2496 (om
1983 2438 2105 2492 non)
2130 2436 2197 2486 H
2221 2437 2312 2498 [sce
2333 2436 2460 2497 note]

518 2518 778 2585 quentiam
800 2519 843 2568 C
863 2519 1012 2578 (corr)
1045 2518 1052 2581 Ι
1080 2524 1248 2566 autem
1273 2515 1388 2580 (for
1406 2515 1560 2578 enim)
1585 2517 1654 2565 H

520 2603 697 2662 instar)
720 2602 782 2651 H

522 2734 608 2785 the
643 2734 770 2798 light
809 2732 868 2782 of
896 2733 1031 2797 day.‘
1100 2732 1181 2782 Cs.
1224 2733 1441 2796 Thpht.:
1477 2730 1509 2791 ἢ
1542 2733 1618 2781 ὅτι
1655 2732 1681 2781 ὀ

523 2814 612 2874 μὲν
646 2815 866 2875 ὑμέτερος
897 2815 1017 2875 βίος,
1052 2813 1217 2872 φησίν,
1242 2813 1447 2873 φανερὸς
1482 2809 1545 2859 ὥν
1579 2812 1682 2871 φῶς

522 2897 669 2953 ἐστιν,
713 2894 863 2945 οὐδεὶς
900 2896 999 2956 ’γὰρ
1044 2897 1242 2957 κρύπτει
1287 2895 1375 2953 τὴν
1421 2895 1681 2954 ἀμώμητον

524 2977 691 3024 πίστιν
713 2977 794 3024 καὶ
818 2977 1007 3036 πρᾶξιν.

592 3071 634 3119 7.
742 3059 921 3106 testimo
928 3059 1070 3105 nium
1161 3057 1378 3120 psalmos
1434 3056 1682 3121 facerent]

524 3140 863 3191 Abbreviated
897 3141 961 3203 by
995 3139 1241 3188 Lansranc
1276 3141 1372 3187 and
1412 3139 1600 3187 Robert
1634 3136 1692 3186 of

526 3225 610 3279 B.;
658 3222 742 3272 the
781 3223 927 3271 latter
964 3220 1252 3284 beginning,
1300 3220 1685 3269 “testimonium

523 3306 619 3355 hoe
660 3321 759 3353 non
797 3304 1047 3353 invenitur
1085 3305 1133 3352 in
1172 3302 1438 3366 Scripturis
1476 3302 1684 3351 authen·

524 3385 687 3436 ticis.”

596 3504 667 3537 10.
740 3486 835 3535 olii
875 3485 1127 3548 continget
1175 3492 1224 3533 te
1271 3483 1392 3534 Chr.
1442 3483 1684 3546 legerunt]

526 3568 622 3617 See
646 3583 727 3614 vv.
752 3567 806 3615 ll.
876 3568 1199 3630 Chrysostom
1232 3583 1401 3631 agrees
1432 3566 1553 3614 with
1585 3567 1682 3615 Th.

525 3649 575 3697 in
630 3649 841 3713 holding
900 3649 1006 3696 that
1070 3648 1152 3696 the
1210 3648 1312 3711 Ap.
1371 3656 1524 3694 wrote
1580 3648 1683 3694 ἐπι-

525 3734 699 3792 φαύσει
735 3748 811 3779 σοι
846 3730 872 3779 ὁ
905 3731 1127 3789 Χριστός.
1203 3731 1403 3793 Chrys„
1432 3728 1680 3783 however,

524 3814 771 3864 mentions
796 3814 879 3862 the
904 3812 1110 3876 reading
1133 3814 1414 3873 ἐπιψαύσεις
1432 3811 1517 3856 τοῦ
1535 3809 1681 3863 Χρισ-

521 3898 608 3944 τοῦ
648 3897 720 3958 [in
756 3895 840 3944 the
879 3910 1028 3942 anon.
1069 3901 1257 3941 extract
1293 3891 1350 3939 os
1380 3890 1457 3938 his
1496 3904 1676 3938 comm.

522 3986 599 4041 ap.
632 3976 841 4025 Cramer
873 3974 934 4023 vi.
973 3973 1062 4039 196
1095 3973 1159 4022 he
1193 3973 1232 4021 is
1267 3970 1581 4035 represented
1616 3970 1684 4033 by

523 4061 607 4109 the
639 4059 846 4107 catenist
879 4074 931 4106 as
956 4055 1251 4120 supporting
1275 4055 1326 4111 it,
1357 4054 1445 4101 but
1471 4052 1683 4116 falselyJ.

523 4143 675 4190 Thdt.
737 4142 839 4201 (see
888 4139 1249 4198 Rosenmiiller,
1302 4141 1413 4187 hist.
1468 4140 1677 4201 interpr.

523 4223 588 4270 iv.
637 4238 721 4285 pp.
773 4220 979 4278 izo—1)
1038 4234 1249 4281 appears
1307 4226 1358 4267 to
1415 4218 1543 4267 have
1597 4219 1685 4265 ad·

523 4303 701 4351 mitted
755 4302 861 4349 into
923 4300 999 4348 his
1053 4307 1154 4348 text
1211 4301 1474 4358 ἐπιψαύσει
1523 4316 1610 4347 σου
1661 4297 1687 4346 ὁ

525 4385 747 4446 Χριστός.
808 4385 905 4432 But
930 4383 992 4431 he
1018 4382 1266 4431 remarks:
1301 4384 1404 4429 ἔκια
1428 4380 1523 4429 τῶν
1559 4382 1685 4428 ἀντι-

521 4467 725 4527 γράφων
766 4462 1092 4524 ἐπιφαύσει
1133 4480 1225 4512 σοι
1261 4463 1285 4511 ὁ
1321 4464 1416 4525 Χρ.
1459 4465 1577 4522 ἔχει,
1609 4463 1687 4508 καὶ

524 4545 667 4593 τοῦτο
721 4548 941 4603 μάλιστα
987 4546 1050 4605 τῇ
1099 4546 1361 4606 ἀκολουθίᾳ
1408 4543 1502 4592 τῶν
1562 4546 1687 4603 εἰρη-

1228 2347 1266 2419 7’
1290 2355 1443 2405 adicit
1479 2355 1592 2421 (fhr
1626 2356 1831 2417 adiecit)
1862 2357 1906 2405 C

2099 2359 2130 2406 8
2164 2373 2194 2406 a
2228 2357 2446 2421 (sorex)
2469 2358 2538 2406 ll
2731 2372 2790 2407 ro
2820 2372 2940 2407 con-

2663 2451 2715 2486 11
2768 2451 2941 2485 Conse·

1891 2532 1946 2566 12
1981 2516 2133 2565 adubi
2162 2517 2206 2565 C
2458 2529 2513 2579 15
2549 2516 2718 2565 adstat
2742 2515 2854 2579 (for
2875 2516 2943 2565 ad

1778 2732 1932 2790 μένων
1980 2727 2270 2793 πρόσφορον.
2347 2729 2412 2777 In
2464 2729 2549 2777 the
2619 2728 2802 2788 Latin‚‘
2822 2728 2940 2776 illu-

1783 2813 1994 2861 minabit
2042 2818 2086 2860 te
2135 2811 2255 2872 [tibz3
2307 2810 2463 2857 Amb.
2508 2809 2565 2857 dc
2593 2807 2693 2872 fid.
2739 2807 2853 2868 res.]
2899 2807 2943 2856 is

1780 2894 1929 2958 given
1959 2893 2026 2955 by
2061 2891 2145 2940 the
2180 2890 2355 2954 Vulg.;
2404 2888 2569 2937 whilst
2602 2889 2845 2953 continges
2878 2889 2942 2951 [s.

1781 2974 2011 3037 attinges]
2040 2974 2081 3021 C
2079 2973 2293 3020 hristum
2330 2987 2540 3035 appears
2564 2977 2615 3018 to
2637 2971 2764 3019 have
2788 2969 2942 3019 found

1783 3058 1925 3122 place
1967 3057 2017 3104 in
2057 3056 2143 3104 the
2184 3056 2245 3103 O.
2287 3056 2347 3102 L.
2387 3052 2660 3117 generally,
2694 3052 2794 3101 and
2832 3069 2942 3100 con-

1782 3141 1933 3203 tinget
1985 3145 2030 3188 te
2077 3139 2308 3188 Christus
2350 3153 2524 3185 occurs
2579 3136 2630 3185 in
2687 3137 2818 3199 Aug.
2865 3133 2941 3197 (in

1782 3225 1865 3273 I's.
1920 3222 1986 3286 3).
2056 3222 2118 3271 In
2162 3237 2254 3271 our
2299 3222 2473 3278 MSS„
2519 3220 2606 3268 the
2652 3219 2942 3283 impossible

1783 3305 1992 3369 reading
2019 3310 2398 3366 contempnentes
2431 3302 2683 3351 Christum
2708 3318 2866 3350 seems
2889 3309 2943 3350 to

1783 3387 1910 3435 have
1934 3386 2092 3435 arisen
2117 3386 2243 3434 from
2267 3385 2352 3434 the
2375 3385 2522 3433 latter
2543 3385 2602 3433 of
2617 3385 2755 3433 these
2772 3383 2944 3440 forms,

1789 3466 2042 3515 Christum
2065 3465 2218 3529 being
2240 3462 2399 3514 either
2421 3480 2450 3512 a
2468 3464 2740 3512 correction
2759 3470 2811 3512 to
2827 3478 2945 3513 save

1782 3549 1868 3597 the
1890 3563 2050 3602 sense,
2074 3563 2131 3596 or
2153 3563 2183 3594 a
2207 3546 2558 3595 reminiscenee
2582 3544 2640 3593 os
2667 3545 2752 3594 the
2776 3545 2841 3595 O.
2874 3544 2935 3596 L.

1784 3629 1895 3677 The
1918 3627 2155 3676 insertion
2181 3627 2238 3675 os
2265 3643 2364 3675 non
2400 3626 2452 3675 in
2487 3626 2571 3674 the
2607 3625 2789 3674 Corbie
2825 3626 2942 3675 MS.

1782 3711 1980 3773 betrays
2016 3709 2099 3758 the
2133 3709 2410 3773 perplexity
2444 3707 2503 3755 of
2529 3707 2612 3756 the
2647 3707 2847 3755 scribes.
2919 3709 2942 3757 1

1783 3788 1909 3836 ha've
1932 3802 1998 3834 no
2029 3785 2184 3835 doubt
2211 3787 2315 3835 that
2343 3786 2439 3834 Th.
2465 3794 2644 3834 wrote:
2681 3786 2724 3832 οἱ
2747 3786 2798 3834 δὲ
2821 3773 2946 3838 ε’ΠΙ-

1785 3870 1988 3944 Ψαῗεει
2024 3888 2130 3939 cor
2163 3865 2197 3927 ὀ
2230 3867 2458 3948 χριστός
2487 3875 2780 3935 ἀνέγνωσαν.
2860 3871 2946 3922 On

1787 3968 1886 4015 this
1913 3965 2117 4028 reading
2146 3981 2227 4013 see
2263 3965 2346 4013 the
2376 3972 2511 4027 story
2543 3965 2647 4014 told
2683 3965 2750 4029 by
2786 3965 2841 4013 S.
2862 3964 2946 4027 Je-

1786 4062 1922 4094 rome
1951 4045 2021 4093 ad
2050 4045 2101 4091 h.
2127 4043 2181 4100 l.‚
2206 4045 2305 4091 and
2338 4045 2414 4092 his
2448 4044 2658 4100 remark,
2694 4051 2782 4092 not
2816 4043 2947 4092 alien

1787 4137 1838 4176 to
1861 4124 2031 4175 Th.'s:
2070 4131 2225 4175 “cum
2250 4125 2346 4174 loci
2379 4125 2517 4174 istius
2541 4124 2949 4189 interpretatione

1785 4222 1934 4275 atque
1958 4219 2190 4259 contextu
2214 4226 2386 4258 sensus
2410 4210 2499 4258 iste
2523 4226 2623 4257 non
2647 4207 2927 4258 eonvenit.'’

1861 4312 1932 4344 12.
2017 4296 2156 4343 alubi
2197 4296 2326 4342 enim
2371 4296 2626 4355 credentes,
2677 4294 2793 4355 δια]
2864 4294 2941 4344 Cf.

1785 4378 1965 4426 Thdt.:
1996 4377 2021 4425 ό
2043 4373 2140 4438 ’γὰρ
2163 4377 2250 4434 τήν
2282 4377 2514 4438 ῥᾳθυμίαν
2548 4377 2767 4435 καθάπερ
2800 4374 2953 4423 ὕπνον

1789 4462 2128 4517 ἀποτιθέμενος
2154 4461 2345 4520 δέχεται
2378 4460 2463 4506 τοῦ
2487 4459 2770 4506 δεσποτικοῦ
2792 4459 2954 4517 φωτὸς

1787 4544 1876 4600 τὴν
1902 4544 2086 4591 ἀκτῖνα.
