3293 5233
580 403 706 486 164
1181 411 1637 464 THEononus
1684 411 2269 465 MOPSUESTENUS
2620 399 2767 485 [IV.
2798 402 2993 481 4—6.

712 585 898 651 omni
943 607 1032 650 ex
1078 594 1267 668 parte
1327 584 1458 649 illis
1513 585 1952 649 necessariam
2015 604 2160 648 esse
2207 585 2505 649 ostendit
2563 585 2994 648 concordiam

577 702 646 758 et
703 693 1068 757 caritatem.
1159 692 1281 755 ‘ab
1345 690 1595 774 Spiritu
1661 690 1838 752 enim
1902 691 2288 773 regenerati,
2334 711 2540 754 unum
2602 691 2783 772 quod
2832 690 2994 753 facti

577 794 752 858 estis,
831 793 1005 857 hanc
1037 793 1235 877 igitur
1264 794 1589 856 unitatem
1624 791 1969 855 inlibatam
2001 792 2371 869 custodite;
2419 790 2754 873 conligate
2801 790 2995 854 uobis

579 897 864 961 inuicem
896 918 1016 980 per
1037 916 1271 979 pacem
1306 906 1372 959 et
1402 895 1782 959 caritatem.'
1845 896 2023 957 unde
2047 905 2116 958 et
2142 895 2369 959 multis
2393 895 2611 959 modis
2641 897 2997 959 ostendere

515 1014 546 1082 5
580 1001 811 1064 nititur
840 1000 1157 1082 quoniam
1189 999 1598 1061 necessarius
1630 998 1719 1060 sit
1749 997 1880 1059 illis
1910 1018 2313 1063 consensus:

709 1170 916 1213 unum
944 1160 1181 1232 corpus,
1209 1159 1272 1213 et
1298 1169 1469 1212 unus
1501 1146 1814 1231 Spiritus.

710 1274 1105 1360 †‘SpirituS,
1152 1276 1264 1359 qui
1313 1296 1433 1339 uos
1488 1274 1943 1363 regenerauit3
2006 1297 2246 1359 corpus
2294 1298 2468 1355 uero,
2520 1277 2586 1341 in
2641 1279 2822 1361 quod
2877 1298 3000 1361 per

582 1379 1150 1462 regenerationem
1182 1378 1544 1442 consistere
1573 1374 1972 1442 uideminil*

709 1529 879 1596 sicut
902 1540 965 1596 et
991 1529 1205 1595 uocati
1223 1527 1383 1594 estis
1411 1528 1483 1593 in
1512 1548 1646 1592 una
1674 1540 1778 1611 spe
1806 1528 2158 1593 uocationis
2181 1540 2450 1595 uestrae.

479 1684 560 1731 10
710 1658 940 1744 †‘una
969 1661 1147 1724 enim
1180 1660 1523 1742 proposita
1566 1667 1670 1721 est
1710 1678 1863 1740 spes
1908 1657 2103 1720 nobis
2147 1657 2412 1722 illorum
2461 1679 2635 1741 quae
2678 1668 3000 1743 expecta-

583 1759 811 1828 musl*

712 1934 884 1977 unus
912 1911 1255 1988 Dominus,
1287 1930 1422 1973 una
1434 1909 1623 1994 fides,
1655 1929 1859 1972 unum
1891 1907 2224 1991 baptisma.

716 2039 844 2102 ‘sic
889 2037 1074 2103 nulla
1117 2059 1206 2101 ex
1252 2047 1441 2121 parte
1487 2036 1646 2101 estis
1690 2037 1904 2113 diuisi,
1950 2039 2065 2101 sed
2114 2037 2342 2101 omnia
2386 2037 2577 2101 uobis
2622 2048 2777 2102 sunt
2816 2058 2998 2102 com-

585 2142 847 2209 munia!

483 2304 552 2371 15
715 2305 886 2348 unus
911 2285 1094 2348 Deus
1119 2294 1182 2347 et
1207 2284 1417 2348 Pater
1440 2283 1746 2348 omnium.

717 2410 988 2473 euidens
1021 2421 1123 2474 est
1151 2411 1467 2493 quoniam
1508 2409 1777 2493 †neque
1806 2432 1978 2474 unus
2005 2410 2332 2474 Dominus
2374 2410 2618 2487 dicens,
2667 2412 2753 2475 ad
2799 2412 2998 2476 inter-

585 2512 962 2595 ceptionem
997 2513 1211 2577 Patris
1239 2513 1445 2590 dicit;
1492 2532 1706 2594 neque
1737 2533 1907 2575 unus
1935 2512 2116 2575 Deus
2154 2513 2398 2590 dicenS,
2441 2515 2525 2577 ad
2574 2515 3001 2598 interceptio—

715 2695 981 2776 πνεῦμα,
1014 2693 1089 2759 τὸ
1117 2690 1575 2776 α’ναγεννῆσαν·
1619 2697 1829 2777 σῶμα,
1862 2693 1955 2765 εἰς
1999 2692 2157 2782 ’ὅπερ
2203 2692 2312 2759 διὰ
2355 2697 2474 2777 τῆς
2517 2693 3000 2779 ἆναγεννήσεως
3042 2688 3054 2697 ”

585 2796 963 2878 κατέστητε.

476 2920 563 2967 20
713 2900 833 2983 μία
867 2899 1045 2985 [νγιὶρ]
1075 2896 1412 2987 πρόκειται
1445 2898 1485 2979 ἦ
1518 2902 1648 2965 τῶν
1675 2898 2228 2985 προσδοκωμένων
2257 2899 2457 2972 ἐλπίς.

711 3000 879 3086 μήτε
908 3004 984 3066 τὸ
1025 2999 1114 3067 εἷο
1155 3003 1357 3089 κγῬιοε
1402 3000 1502 3067 ἐπ’
1556 3000 1889 3090 ἀναιρέσει
1935 3004 2049 3068 τοῦ
2096 3001 2346 3090 πατρὸς
2396 3002 2670 3084 νοητέον,
2714 3005 2876 3088 μήτε
2923 3008 3001 3073 τὸ

587 3103 677 3173 εἷς
733 3107 876 3171 θεὸς
923 3101 1026 3169 ἐπ’
1074 3103 1402 3190 ἀναιρέσει
1452 3107 1567 3168 τοῦ
1616 3101 1773 3169 υἱοῦ.
1882 3102 2037 3169 ἀλλ’
2092 3103 2194 3170 ἵνα
2247 3093 2420 3190 clv-337·
2484 3112 2498 3139 ‘
2522 3104 2597 3171 οὐ
2656 3105 3002 3196 διαφόρους

684 3306 712 3339 2
748 3288 884 3353 quod
907 3303 983 3336 om
1006 3288 1075 3335 H
1253 3298 1280 3350 7
1314 3287 1475 3351 inquit
1500 3286 1616 3351 (sor
1635 3287 1689 3336 in
1710 3288 1867 3353 quod)
1896 3288 1942 3338 C
1958 3290 2025 3337 H
2043 3287 2052 3353 Ι
2083 3305 2234 3337 unum
2260 3288 2356 3351 (ast
2377 3288 2428 3337 in
2450 3288 2608 3355 quod)
2631 3291 2737 3339 add
2749 3292 2839 3341 H:
2872 3297 2953 3340 txt
2964 3308 3010 3356 g

592 3387 651 3421 ιο
686 3370 982 3433 illorumque
1010 3366 1085 3417 C*
1307 3380 1361 3428 17
1398 3368 1518 3417 dicit
1542 3368 1634 3429 (1⁰)
1657 3385 1735 3424 om
1759 3370 1825 3417 H
2031 3370 2088 3419 18
2125 3369 2280 3419 Coisl.
2310 3385 2421 3431 204,
2452 3369 2486 3418 s.
2515 3383 2578 3436 79
2599 3388 2630 3421 a
2653 3373 2758 3433 [Cr.
2791 3372 2856 3421 vi.
2887 3373 2997 3436 165,

588 3453 673 3501 Fr.
704 3450 817 3512 134]
853 3450 1080 3511 θεόδωρος
1107 3448 1159 3497 δέ
1193 3455 1355 3509 φησιν·
1393 3451 1596 3509 πνεῦμα,
1632 3453 1797 3499 κ.τ.λ.
1863 3450 1975 3500 The
2009 3451 2124 3500 edd.
2150 3459 2420 3521 punctuate
2457 3450 2563 3515 (but
2602 3469 2682 3518 ag.
2720 3454 2874 3515 cod.)‚
2920 3472 3002 3504 rr.

587 3528 644 3581 τὸ
679 3531 1015 3590 ἀναγεννῆσαν
1058 3526 1207 3586 σῶμα,
1248 3530 1327 3587 εἷς,
1372 3532 1533 3577 κ.τ.λ.
1735 3547 1792 3580 21
1833 3530 1988 3580 Coisl.
2026 3546 2134 3593 204,
2161 3533 2196 3581 f.
2222 3533 2343 3583 801>
2377 3534 2486 3595 [Cr.
2521 3534 2589 3584 vi.
2631 3534 2738 3596 168,
2779 3535 2862 3587 Fr.
2909 3552 3004 3601 134

589 3609 707 3673 ——5]
733 3611 962 3671 θεὸδωρος
985 3608 1038 3656 δέ
1060 3614 1225 3668 φησιν·
1259 3609 1400 3669 μήτε,
1429 3612 1590 3658 κ.τ.λ.

657 3771 705 3803 2.
774 3768 933 3802 unum
958 3752 1111 3816 quod]
1179 3754 1229 3801 ἔν
1249 3770 1312 3803 τι.
1849 3774 1897 3821 p.
1926 3757 2034 3817 12);
2069 3757 2170 3805 and
2191 3765 2363 3820 supra.
2386 3775 2436 3822 p.
2458 3774 2536 3824 93,
2560 3760 2593 3808 1.
2617 3776 2656 3809 1.
2693 3759 2837 3808 with
2861 3761 3006 3812 Th.'s

658 3853 702 3901 3.
776 3837 908 3885 hanc
940 3836 1429 3899 vgitur...uiclemini]
1497 3836 1645 3885 Cited
1676 3835 1746 3899 (in
1850 3839 2072 3886 remarks
2106 3854 2171 3887 on
2207 3840 2271 3887 εἷς
2310 3842 2376 3899 0.,
2417 3841 2481 3890 εἷς
2516 3859 2582 3902 κ.,
2621 3841 2681 3891 cf.
2724 3841 2901 3905 Chrys.
2936 3861 3007 3893 on

590 3927 701 3985 part
720 3916 1060 3981 abbreviated)
1082 3919 1150 3982 by
1165 3918 1428 3979 Lanfranc,
1450 3920 1564 3968 who
1578 3936 1749 3984 agrees
1858 3936 1876 3968 1
1918 3920 2032 3969 Cor.
2069 3919 2172 3967 viii.
2210 3917 2272 3968 6:
2325 3921 2543 3982 καθάπερ
2588 3919 2672 3970 οὐκ
2714 3923 2883 3982 ἐξωθεῖ
2918 3926 3008 3973 τὸν

591 4001 713 4050 with
741 4001 785 4050 C
812 4000 863 4049 in
887 4000 1123 4064 omitting
1145 4016 1334 4059 unum3
1369 4017 1450 4049 see
1472 4017 1552 4048 vv.
1579 4001 1632 4049 11.
1853 4000 2041 4061 πατέρα
2075 4002 2161 4048 τοῦ
2196 4001 2352 4061 κύριον
2388 4001 2522 4066 εἶναι,
2562 4001 2656 4051 οἶος
2684 4000 2710 4049 ὁ
2744 4004 2839 4053 υἱός
2872 4005 3011 4053 ἐστιν

665 4081 740 4133 16.
806 4083 879 4131 ad
905 4084 1293 4147 interceptionem
1326 4084 1517 4145 Patris]
1557 4086 1638 4133 ‘to
1665 4084 1748 4134 the
1851 4082 2019 4140 κύριος,
2051 4078 2126 4127 διᾶ
2159 4077 2216 4127 τὸ
2252 4080 2350 4127 ἕνα
2380 4076 2526 4127 αὑτὸν
2547 4082 2781 4142 λέγεσθαι
2811 4084 3012 4145 κύριον

593 4167 846 4217 exclusion
870 4165 929 4214 os
954 4166 1041 4215 the
1065 4166 1251 4214 Father
1284 4164 1434 4226 [from
1459 4165 1542 4214 the
1567 4166 1675 4215 title
1698 4166 1757 4216 os
1850 4161 1935 4211 τὸν
1980 4163 2091 4211 υἱόν·
2149 4160 2296 4210 οὕτως
2339 4158 2442 4211 οὐδὲ
2489 4160 2573 4211 τὸν
2628 4160 2725 4212 υἱόν
2750 4161 3012 4227 ’ἐκβάλλει

594 4246 792 4310 Lord].‘
884 4248 1021 4297 Pitra
1063 4246 1287 4295 remarks
1324 4245 1433 4296 that
1478 4248 1751 4310 interceptio
1851 4246 1937 4294 τοῦ
1975 4246 2098 4293 εἶναι
2137 4245 2263 4302 θεὸν,
2303 4245 2396 4294 οἷός
2440 4242 2575 4293 ἐστιν
2614 4244 2718 4296 θεὸς
2756 4244 2784 4293 ὀ
2822 4245 3010 4307 πατήρ,

595 4330 636 4380 is
666 4347 697 4380 a
730 4330 962 4379 Hilarian
995 4328 1149 4379 word.
1221 4328 1268 4376 It
1307 4329 1348 4377 is
1386 4328 1493 4377 also
1527 4328 1649 4377 used
1685 4327 1754 4391 by
1855 4322 1930 4374 fied.
1976 4324 2034 4372 τό
2065 4325 2164 4373 ἕνα
2210 4322 2339 4372 θεὸν
2388 4326 2624 4384 λέγεσθαι
2667 4323 2752 4374 τόν
2794 4328 3003 4389 πατέρα.

596 4412 680 4460 the
721 4410 988 4460 translator
1025 4412 1083 4460 of
1122 4411 1357 4460 Irenaeus
1382 4412 1449 4471 (v.
1486 4410 1533 4461 6.
1576 4410 1618 4473 ι)
1651 4412 1752 4460 and
1856 4409 1953 4458 See
1990 4408 2097 4457 also
2125 4406 2278 4457 'Th-’s
2313 4424 2497 4457 comm.
2533 4424 2599 4459 on
2640 4424 2659 4458 1
2690 4408 2864 4457 Thess.
2889 4409 2923 4459 i.
2953 4424 3006 4474 9,

595 4491 648 4539 in
673 4491 997 4539 Cassiodorus
1031 4492 1096 4551 (v.
1129 4491 1366 4549 Paucker,
1404 4492 1549 4540 meles.
1591 4492 1745 4540 lexist.
1855 4489 2009 4551 infra.
