3293 5233
317 396 447 463 ΙΙΙ.
481 400 608 486 29.]
1125 416 1207 467 1N
1257 418 1362 470 BP.
1407 418 1511 469 AD
1556 416 1909 470 GALATAs.
2657 416 2738 484 59

448 592 516 647 et
591 585 850 669 optime
925 588 1104 654 dixit
1161 591 1481 672 quoniam
1545 600 1715 653 unus
1775 610 2009 653 sumus
2082 609 2335 665 omnes,
2397 608 2517 671 per
2579 606 2732 651 eam

313 687 814 770 copulationem
846 711 1051 773 quam
1083 690 1409 756 habemus
1440 693 1507 756 in
1541 692 1827 769 Christe,
1862 692 2041 756 unde
2070 700 2139 756 et
2169 690 2412 755 adiecit
2438 714 2453 753 :

447 823 514 886 si
551 834 768 888 autem
818 846 933 889 uos
981 825 1246 904 Christi,
1298 827 1518 911 utique
1549 826 1864 892 Abrahae
1911 807 2120 891 sethim
2166 826 2319 890 estis
2334 850 2365 903 ,·
2417 834 2481 889 et
2519 843 2733 887 secun-

314 925 473 990 dum
488 928 989 1009 promissionem
1020 932 1291 996 heredes.

443 1065 853 1130 admirabilis
907 1069 1117 1133 uirtus
1166 1069 1528 1132 sermonis!
1614 1068 1818 1152 paulo
1865 1069 2113 1134 etenim
2161 1068 2380 1132 minus
2429 1088 2735 1151 compro·
2812 1079 2842 1145 5·

312 1168 502 1232 bauit
554 1171 873 1251 quoniam
917 1182 985 1235 et
1028 1173 1418 1236 naturaliter
1459 1173 1574 1236 filii
1628 1172 1980 1237 Abraham
2038 1172 2197 1237 sacti
2252 1181 2490 1235 essent.
2580 1170 2733 1254 †‘si

314 1271 490 1332 enim
528 1292 646 1335 uos
679 1294 919 1355 corpus
961 1274 1206 1338 Christi
1250 1284 1525 1357 propter
1565 1275 2137 1357 regenerationem
2178 1274 2360 1337 illam
2415 1294 2619 1356 quam
2665 1273 2733 1333 in

314 1372 722 1456 baptismate
776 1377 935 1439 estis
990 1378 1349 1454 consecuti,
1400 1398 1573 1460 quae
1629 1376 1913 1441 formam
1963 1376 2170 1442 habet
2210 1376 2386 1439 illius
2425 1375 2734 1437 similitu·
2785 1453 2792 1461 ⁸

313 1478 488 1541 dinis
519 1501 693 1563 quae
725 1490 884 1543 tunc
917 1482 1109 1545 uobis
1140 1482 1264 1545 erit
1295 1481 1381 1545 ad
1418 1502 1570 1544 eum
1597 1501 1613 1559 ;
1665 1479 1970 1545 Christus
2012 1490 2239 1545 autem
2274 1488 2375 1543 est
2407 1476 2733 1542 Abrahae

312 1601 576 1660 semem
625 1585 1071 1647 necessarium
1122 1592 1223 1647 est
1270 1593 1337 1648 et
1382 1604 1500 1647 uos
1542 1603 1832 1666 quoque,
1866 1582 2006 1646 eius
2052 1603 2308 1663 corpuS,
2341 1580 2536 1644 huius
2583 1602 2729 1645 esse
2770 1599 2847 1647 10

312 1703 562 1760 semen,
617 1687 803 1749 cuius
852 1697 955 1751 est
1009 1698 1076 1751 et
1131 1685 1304 1750 illest*
1390 1686 1686 1767 alioquin
1742 1685 2132 1767 inpossibile
2183 1693 2286 1748 est
2324 1705 2530 1748 unum
2583 1704 2731 1747 esse

313 1807 610 1869 corpore,
644 1799 712 1852 et
745 1791 1135 1855 existimare
1166 1799 1368 1873 caput
1398 1790 1673 1871 quidem
1706 1789 1978 1853 alterius
2012 1810 2173 1866 esse,
2208 1789 2544 1852 residuum
2573 1809 2731 1851 uero

314 1908 553 1972 corpus
616 1890 905 1956 alterius,
1003 1890 1252 1974 †unde
1305 1893 1480 1955 iusta
1525 1891 1786 1955 ratione
1833 1899 1901 1954 et
1946 1891 2403 1973 promissionis
2450 1888 2730 1952 heredes

314 1993 471 2057 sacti
511 1991 731 2057 estis*
823 1995 1202 2059 sicutsenim
1251 1995 1336 2059 ad
1398 1995 1586 2058 illum
1639 1996 1755 2077 qui
1804 2016 1894 2057 ex
1944 2016 2026 2058 eo
2076 2004 2180 2059 est
2234 1995 2729 2077 copulationem

312 2096 677 2177 accepistis,
725 2098 791 2159 in
824 2098 890 2161 id
924 2098 1141 2180 ipsum
1187 2098 1244 2160 ei
1301 2098 1702 2180 reputamini
1743 2098 2132 2172 necessarie,
2172 2106 2239 2161 et
2281 2097 2516 2160 horum
2551 2097 2732 2159 eritis
2769 2113 2838 2180 15

311 2199 639 2277 heredes;
708 2203 1026 2284 quoniam
1080 2210 1149 2266 et
1210 2201 1302 2264 illi
1363 2201 1740 2284 participati
1795 2202 1952 2264 estis
2001 2201 2548 2284 promissionibus
2602 2200 2733 2262 illis

311 2324 486 2385 quae
516 2303 603 2366 ad
637 2303 821 2366 illum
857 2302 1071 2367 factae
1102 2312 1260 2367 sunt
1300 2325 1341 2367 a
1374 2304 1540 2379 De0,
1573 2312 1833 2386 patrem
1867 2305 2140 2387 quidem
2173 2303 2460 2367 eundem
2486 2304 2733 2366 adscri-

313 2406 548 2469 bentes
588 2407 796 2480 uobiS‚
831 2406 1360 2470 benedictionem
1413 2428 1569 2469 uero
1606 2428 1646 2471 a
1691 2407 1841 2471 Deo
1878 2418 2360 2491 consequenter
2402 2408 2532 2471 illis
2579 2427 2730 2489 pro-

311 2508 736 2572 missionibus
769 2530 942 2590 quae
973 2510 1058 2572 ad
1094 2530 1246 2572 eum
1279 2509 1497 2572 factae
1529 2518 1685 2572 sunt
1718 2509 1856 2572 iure
1887 2518 1955 2573 et
1986 2509 2110 2592 ipsi
2143 2510 2584 2593 accipientes)

441 2612 678 2676 horum
726 2613 998 2695 quidem
1032 2613 1360 2677 dictorum
1394 2612 1870 2692 fortitudinem,
1904 2623 1971 2679 et
2003 2616 2182 2698 quod
2225 2614 2366 2678 sine
2410 2614 2543 2679 ulla
2574 2636 2730 2679 con·
2760 2636 2847 2684 20

310 2719 632 2783 trouersia
688 2719 941 2781 dictum
990 2717 1332 2793 habeatur,
1385 2737 1582 2780 nemo
1632 2719 1835 2801 digne
1878 2739 2197 2801 umquam
2235 2719 2480 2802 poterit
2518 2719 2731 2781 demi-

311 2842 470 2886 rare.
560 2822 946 2904 praestabat
992 2822 1170 2883 enim
1222 2822 1316 2883 eis
1366 2830 1431 2884 et
1478 2820 1564 2883 ad
1612 2819 1874 2882 illorum
1927 2842 2214 2896 sensum,
2260 2822 2371 2902 qui
2418 2822 2731 2884 aestima-

311 2925 555 2989 bantur
594 2945 715 3007 per
756 2925 892 2986 uim
942 2923 1142 2986 fuisse
1191 2923 1277 2985 ab
1311 2945 1391 2985 eo
1433 2922 1736 2997 adtracti,
1770 2923 2226 2985 abundantem
2261 2925 2729 3005 probationem

440 3153 498 3218 εἰ
533 3151 658 3240 *γὰρ
702 3150 875 3233 ἱμεῖς
912 3156 1030 3219 τοῦ
1068 3155 1361 3239 Χριστοῦ
1406 3156 1600 3234 σῶμα
1644 3150 1751 3216 διὰ
1796 3154 1906 3232 τὴν
1951 3148 2062 3216 ἐπὶ
2106 3153 2221 3216 τοῦ
2265 3149 2732 3233 βαπτίσματος

310 3254 732 3336 ἆναγέννησιν
760 3255 964 3320 τύπον
993 3255 1279 3344 ἔχουσαν
1307 3257 1422 3336 τῆς
1460 3256 1605 3319 τότε
1643 3253 2085 3338 παρεσομένης
2130 3252 2278 3333 ὑμῖν
2325 3252 2487 3336 πρὸς
2537 3250 2731 3317 αὐτὸν
2759 3278 2793 3324 2
2804 3275 2838 3341 5

310 3355 698 3438 ὁμοιότητος,
744 3355 776 3420 ὁ
824 3356 893 3421 δὲ
938 3356 1225 3442 Χριστὸς
1269 3361 1385 3423 τοῦ
1430 3355 1747 3443 Ἀβραὰμ
1780 3354 2064 3440 σπέρμα·
2096 3353 2343 3436 ἀνάγκη
2389 3353 2499 3418 καὶ
2545 3352 2725 3437 ὑμᾶς,

310 3459 384 3525 τὸ
444 3460 684 3525 ἐκείνου
744 3462 952 3538 σῶμα,
1011 3457 1240 3524 τούτου
1298 3457 1456 3524 εἶναι
1516 3457 1782 3543 σπέρμα
1841 3456 2041 3544 οὗπερ
2090 3457 2165 3539 δὴ
2214 3456 2518 3527 κάκεῖνος·
2584 3454 2731 3523 ὅθεν

311 3561 561 3632 εἰκότως
607 3561 716 3626 καὶ
762 3563 872 3641 τῆς
917 3561 1308 3644 ἐπαγγελίας
1354 3561 1762 3647 κληρονόμοι.

407 3730 435 3763 2
471 3717 623 3765 adicit
650 3717 694 3765 C
892 3732 951 3766 10
983 3732 1080 3780 que
1107 3717 1218 3779 (sbr
1239 3716 1457 3781 quoque)
1488 3716 1565 3767 C*
1763 3716 1849 3781 qui
1879 3716 1924 3765 C
1942 3715 2111 3777 (corr):
2144 3715 2336 3779 adch'ng
2354 3716 2471 3765 estis
2492 3716 2569 3780 ast
2590 3731 2727 3780 corp.

319 3812 370 3845 η
406 3813 584 3861 corpus
614 3799 655 3847 C
678 3800 823 3860 (corr)
854 3797 860 3862 Ι
893 3799 1093 3863 quidem
1117 3815 1193 3848 om
1219 3799 1313 3848 H*
1713 3814 1770 3861 13
1805 3799 1933 3847 iusta
1956 3799 2199 3847 rationem
2228 3800 2270 3848 C
2278 3798 2306 3823 ¹*
2452 3800 2586 3847 iuxta
2609 3816 2646 3848 t.
2670 3801 2738 3847 H

315 3894 370 3942 15
406 3880 451 3928 ei
474 3896 550 3929 om
573 3880 669 3928 ll*
841 3893 897 3942 17
932 3891 1073 3946 patre
1102 3882 1144 3929 C
1323 3895 1380 3946 19
1417 3882 1521 3946 ipse
1549 3880 1626 3930 C*
1827 3895 1888 3930 22
1922 3881 1987 3929 ad
2010 3897 2087 3929 om
2109 3881 2177 3928 l!
2365 3895 2424 3942 23
2462 3898 2549 3944 per
2570 3898 2646 3929 om
2670 3882 2737 3930 Il

376 4032 423 4079 5.
483 4018 712 4080 paulo
742 4018 930 4080 minus]
977 4016 1144 4081 μικροῦ
1169 4036 1182 4069 z
1221 4018 1283 4069 cf.
1319 4035 1385 4068 on
1418 4034 1461 4069 c.
1568 4016 1782 4079 ληφότες
1803 4018 2001 4079 μέτοχοι
2024 4015 2110 4077 τῆς
2133 4014 2445 4067 ὑποστάσεως
2473 4019 2559 4064 τοῦ
2578 4018 2725 4078 Χρισ-

310 4097 372 4147 vi.
412 4109 465 4160 17
495 4097 655 4159 (Gk.).
1567 4103 1652 4149 τοῦ
1695 4099 1983 4162 γεγόναμεν,
2031 4102 2190 4162 ὥσπερ
2236 4102 2342 4147 τινὰ.
2387 4099 2595 4160 φυσικὴν
2636 4095 2727 4157 τὴν

381 4196 454 4240 14.
500 4182 844 4243 copulationem
878 4182 1138 4244 accepistis]
1206 4181 1287 4231 Cf.
1324 4181 1467 4232 Th.’s
1567 4183 1686 4241 πρὸς
1709 4181 1854 4230 αὐτὸν
1876 4183 2119 4229 κοινωνίαν
2142 4178 2399 4238 δεξάμενοι.

310 4278 490 4311 comm.
510 4279 575 4311 on
596 4264 729 4326 John
755 4264 787 4312 i.
814 4279 899 4327 13:
937 4265 1039 4324 θείᾳ
1065 4260 1257 4321 δυνάμει
1280 4263 1354 4310 διὰ
1382 4263 1467 4320 τῆς
1634 4275 1716 4311 21.
1792 4262 2052 4322 dctm'rarc]
2143 4262 2253 4309 The
2294 4269 2390 4308 act.
2428 4260 2467 4308 is
2502 4259 2726 4322 frequent

310 4346 428 4405 πρὸς
462 4340 605 4391 αὐτὸν
638 4342 916 4402 ὁμοιότητός
949 4362 1003 4392 τε
1038 4346 1114 4391 καὶ
1151 4342 1466 4402 συναφείας
1568 4343 1619 4391 in
1667 4344 1789 4391 both
1826 4343 1978 4392 MSS.
2021 4343 2079 4391 os
2119 4342 2215 4391 this
2249 4341 2553 4390 translation.
2643 4341 2720 4390 Cf.

309 4424 396 4483 τὴν
429 4427 618 4487 ’γένεσιν
650 4425 913 4489 δεχόμενοι.
1003 4429 1137 4477 IIeb.
1167 4427 1237 4475 iii.
1270 4442 1341 4485 12,
1378 4441 1464 4488 13:
1572 4425 1792 4481 Rbus-ch,
1838 4425 1988 4480 Itala,
2037 4441 2084 4489 p.
2128 4439 2236 4486 301,
2284 4423 2482 4486 Beusly‚
2528 4424 2606 4472 M.
2647 4424 2728 4481 F..

312 4510 354 4557 oi
394 4512 735 4560 πιστεύσαντες
775 4511 852 4559 καὶ
897 4512 979 4558 τοῦ
1015 4511 1279 4564 πνεύματος
1316 4525 1465 4565 μετει-
1570 4523 1619 4569 p.
1654 4521 1726 4567 17,
1754 4506 2090 4562 Hildebrand,
2118 4506 2268 4570 Apul.
2303 4506 2333 4554 ἰ.
2360 4503 2439 4554 68.
