3293 5233
312 349 438 413 111.
475 349 561 432 3.]
1133 361 1213 411 IN
1264 361 1367 411 ΕΡ.
1414 360 1515 410 AD
1561 360 1913 411 GALATAS.
1959 346 1980 353 “
2640 364 2722 429 37

438 540 454 566 ‘
476 533 902 598 manifestum
924 543 1054 613 est3
1091 532 1554 598 miraculorum
1588 535 1834 597 etenim
1856 533 2249 616 magnitudo
2267 532 2720 597 testimonium

310 635 614 720 perhibet
646 636 787 699 dati
828 637 1017 700 uobis
1068 636 1372 720 Spiritus
1449 636 1653 700 dicite
1697 657 1856 720 ergo
1906 636 2104 700 mihi:
2148 635 2720 720 quemadmodum

309 739 658 822 accepistis
713 738 1089 823 Spiritum?
1180 740 1358 803 unde
1401 749 1634 804 tantae
1700 740 2080 805 donationis
2141 740 2718 824 participationem

311 840 736 923 sumpsistis?
812 850 1034 904 utrum
1085 863 1174 905 ex
1225 841 1530 906 custodia
1577 841 1743 925 legis
1787 841 1915 907 hoc
1962 843 2152 907 uobis
2189 842 2527 907 conlatum
2576 842 2724 906 est?

314 944 586 1025 quando
618 941 794 1006 enim
828 963 984 1006 cura
1017 944 1207 1007 uobis
1239 943 1364 1007 suit
1395 943 1479 1007 de
1511 943 1707 1026 lege?
1796 953 2032 1027 gentes
2064 946 2241 1009 enim
2272 953 2472 1009 antea
2503 944 2722 1021 eratiS,
2798 953 2829 1020 5

315 1055 384 1110 et
414 1068 454 1110 a
488 1046 678 1110 nobis
711 1046 871 1109 nihil
914 1047 1050 1111 tale
1094 1047 1294 1123 docti,
1326 1047 1444 1111 sed
1487 1049 1832 1111 credentes
1864 1048 2291 1113 solummodo
2336 1048 2402 1111 in
2439 1046 2724 1123 Christ0‚

315 1157 574 1211 tantam
610 1150 957 1231 accepistis
987 1151 1289 1232 gratiam.
1380 1150 1623 1213 deinde
1667 1153 1882 1231 (tanta
1922 1152 2253 1233 quaedam
2293 1171 2414 1214 uos
2444 1151 2726 1232 contigit

318 1251 720 1334 insipientia)
777 1254 967 1334 quasi
1030 1254 1144 1335 qui
1205 1274 1324 1337 per
1375 1254 1596 1331 fidem,
1659 1263 1945 1335 excepta
2004 1253 2169 1337 lege,
2234 1254 2555 1339 Spiritum
2617 1274 2726 1317 ac-

318 1355 603 1436 cepistiS,
635 1355 855 1418 denuo
888 1357 1190 1420 uoluistis
1224 1377 1549 1421 recurrere
1590 1358 1675 1420 ad
1709 1357 1876 1440 legis
1917 1358 2431 1436 obseruantiam,
2460 1370 2535 1425 ut
2565 1359 2725 1444 quid

320 1462 566 1526 exinde
626 1463 840 1526 maius
900 1461 1291 1543 accipiatis?
1410 1469 1567 1523 nam
1645 1480 1799 1522 cum
1861 1458 2021 1523 nihil
2082 1461 2169 1524 sit
2227 1460 2479 1524 bonum
2546 1464 2723 1544 quod
2765 1475 2843 1522 10

321 1565 680 1647 exaequari
732 1565 946 1647 possit
991 1563 1674 1646 donationi‘Spiritus
1720 1565 1952 1639 sancti,
1996 1563 2219 1629 adhuc
2271 1573 2340 1628 et
2401 1565 2727 1630 bonorum

319 1688 587 1732 omnem
649 1667 1228 1751 participationem
1289 1667 1480 1730 uobis
1540 1686 1674 1730 non
1734 1668 2003 1732 aliunde
2061 1668 2433 1751 expectetis
2490 1670 2730 1749 tribui;

322 1768 474 1832 hinc
506 1780 577 1833 et
621 1770 1164 1834 resurrectionem
1206 1769 1602 1842 adsecuturi,
1637 1778 1707 1833 et
1738 1768 2123 1833 inmortales
2160 1778 2387 1834 autem
2420 1772 2728 1849 mansuri,

322 1879 391 1933 et
444 1857 1016 1936 inuertibilitatem
1068 1881 1498 1955 expectatam
1550 1871 1861 1955 potituri?
1951 1881 2019 1936 et
2066 1883 2222 1956 post
2267 1875 2730 1956 probationem

326 1972 563 2037 iterum
595 1975 800 2039 adicit
832 1995 983 2038 cum
1017 1974 1508 2057 increpatione:
2078 1976 2091 1989 “
2766 1992 2837 2057 15

449 2110 546 2173 sic
588 2111 902 2175 insensati
939 2112 1093 2175 estis
1117 2111 1152 2176 ?
1195 2111 1558 2177 inchoantes
1606 2112 1888 2195 Spiritu,
1922 2134 2092 2178 nunc
2133 2123 2212 2178 ut
2252 2113 2324 2178 in
2362 2135 2555 2179 carne
2589 2136 2732 2179 con·

325 2216 757 2278 summamini
774 2215 809 2279 ?

446 2331 792 2395 euidenter
849 2332 1210 2396 ostendens
1268 2333 1586 2417 quoniam
1649 2335 1802 2399 ideo
1861 2355 1977 2409 eos
2036 2335 2406 2401 insensatos
2452 2336 2737 2414 uocauit,

325 2440 642 2518 quoniam
674 2459 807 2501 non
840 2447 1323 2522 perspexerunt
1359 2440 1540 2521 quod
1573 2440 1701 2503 illis
1743 2440 1856 2523 qui
1899 2441 1966 2503 in
2011 2439 2276 2506 Christo
2317 2441 2736 2506 crediderunt

327 2541 663 2626 superflua
722 2542 855 2606 iam
916 2544 1004 2605 sit
1058 2542 1226 2626 legis
1282 2544 1603 2620 custodia,
1652 2543 1707 2606 si
1770 2544 2041 2627 quidem
2104 2552 2172 2606 et
2236 2542 2525 2627 Spiritus
2582 2545 2737 2609 hinc
2766 2565 2851 2612 20

328 2642 458 2708 illis
503 2645 702 2709 datus
746 2646 848 2720 sit,
897 2647 1053 2727 quia
1100 2655 1168 2709 et
1214 2646 1301 2708 ob
1350 2667 1627 2729 magnas
1671 2647 2063 2710 tribuendus
2104 2655 2206 2710 est
2250 2648 2734 2730 promissiones,

325 2745 495 2808 sicut
526 2747 705 2809 enim
735 2753 751 2778 ‘
772 2768 1040 2810 carnem
1061 2748 1075 2773 ’
1108 2768 1306 2810 causa
1339 2749 1767 2812 mortalitatis
1805 2752 2079 2832 accepit,
2111 2771 2190 2813 eo
2232 2752 2411 2833 quod
2450 2751 2608 2814 nihil
2642 2753 2738 2814 in-

331 2845 612 2912 mortale
654 2851 896 2913 dicitur
934 2870 1129 2928 caro;
1183 2851 1277 2913 sic
1314 2861 1382 2915 et
1413 2857 1427 2883 ‘
1451 2851 1817 2933 Spiritum'
1847 2874 2047 2916 causa
2079 2856 2334 2936 accepit
2375 2854 2740 2918 inmortali-

325 2954 500 3029 tatis,
532 2975 612 3017 eo
656 2955 837 3036 quod
879 2975 998 3037 per
1035 2974 1188 3017 eum
1237 2966 1679 3036 expectamus
1728 2965 2167 3037 exsurgentes
2204 2955 2272 3017 in
2317 2956 2735 3021 inmortalem

430 3129 449 3163 1
478 3115 612 3163 enim
638 3112 754 3178 (for
782 3113 985 3172 etenim)
1011 3114 1078 3162 H
1266 3127 1293 3175 3
1328 3112 1583 3162 donationi
1614 3113 1658 3161 C
1720 3112 2049 3161 dominationi
2072 3112 2139 3160 Η
2330 3132 2366 3174 4
2398 3113 2634 3162 collatum
2666 3124 2739 3163 est

328 3196 471 3245 uobis
501 3197 567 3244 H
784 3207 809 3255 5
850 3195 1000 3243 etiam
1032 3194 1149 3257 (sor
1180 3194 1333 3254 enim)
1357 3195 1424 3242 H
1649 3205 1675 3254 7
1713 3203 1903 3242 tantum
1943 3195 1984 3242 C
2011 3192 2019 3257 Ι
2049 3210 2291 3257 quaenam
2329 3194 2444 3257 (for
2473 3197 2739 3258 quaedam)

331 3278 373 3325 C
399 3275 405 3339 Ι
438 3275 581 3325 uobis
616 3274 733 3337 (for
761 3276 870 3333 uos)
911 3275 954 3323 C
987 3275 1134 3334 (corr)
1169 3275 1234 3322 H
1248 3276 1391 3336 (corr)
1626 3290 1678 3323 11
1720 3283 1885 3338 posset
1927 3275 1969 3324 C
1978 3272 2005 3296 ⁴*
2028 3275 2095 3323 H
2309 3291 2365 3338 13
2404 3282 2451 3324 et
2491 3276 2741 3326 inmortali

326 3365 491 3405 autem
516 3371 581 3404 m.
611 3353 689 3404 C*
758 3363 807 3404 et
830 3355 882 3404 in
904 3355 1259 3404 inmortalitate
1288 3370 1335 3403 a.
1366 3371 1434 3404 m.
1465 3356 1508 3405 C
1543 3355 1692 3416 (corr)
1757 3363 1807 3404 et
1844 3355 2093 3404 inmortali
2124 3372 2191 3406 m.
2220 3356 2286 3404 Η
2290 3354 2313 3379 ’
2382 3365 2432 3405 et
2456 3357 2742 3405 inmortales

328 3450 393 3484 m.
424 3434 490 3482 H
518 3435 668 3494 (corr)
927 3449 984 3497 ¹5
1023 3435 1411 3498 increpationem
1451 3437 1496 3485 C
1751 3452 1809 3485 21
1846 3436 1914 3485 ob
1947 3436 2141 3500 magnis
2174 3436 2585 3501 promissionibus
2623 3438 2667 3486 C
2683 3439 2752 3487 Η

326 3519 570 3582 [Ronsch,
614 3517 732 3579 408]
930 3532 991 3579 24
1026 3517 1077 3566 in
1102 3517 1435 3581 (befinmort.)
1459 3533 1536 3566 om
1564 3519 1609 3567 C
1630 3518 1777 3579 ζωνν)

393 3657 440 3706 8.
510 3661 695 3717 excepta
717 3653 831 3717 lege]
889 3653 984 3702 See
1008 3669 1057 3717 p.
1090 3668 1164 3710 10,
1188 3653 1221 3703 1.
1254 3651 1326 3713 16,
1350 3662 1486 3702 note.
1589 3669 1659 3702 κις
1683 3655 1761 3702 ἐπὶ
1795 3656 1880 3714 τῆς
1913 3654 2220 3705 ἀναστάσεως
2252 3655 2330 3704 καὶ
2363 3657 2450 3716 τῆς
2482 3656 2745 3706 ἀθανασίας

399 3753 472 3801 13.
544 3742 657 3786 et
679 3734 865 3798 autem]
932 3737 1025 3784 καὶ
1124 3737 1191 3784 δέ.
1272 3736 1356 3785 On
1401 3737 1486 3786 the
1587 3736 1676 3793 τὴν
1697 3735 1785 3783 τοῦ
1805 3737 2071 3794 πνεύματος
2091 3737 2325 3798 λαμβάνει
2352 3738 2612 3796 σημασίαν.

330 3819 606 3870 connexion
634 3819 858 3867 between
893 3818 977 3866 the
1010 3818 1100 3882 gift
1132 3818 1190 3866 of
1215 3819 1302 3867 the
1331 3819 1486 3882 Spirit
1661 3831 1731 3878 14.
1794 3824 1839 3865 et
1880 3817 2315 3878 inuertibile'latem]
2406 3817 2492 3867 Cf.
2528 3819 2625 3869 Th.
2676 3836 2743 3869 on

328 3904 429 3952 and
487 3902 573 3951 the
632 3902 765 3965 hope
814 3900 872 3950 of
920 3901 1261 3965 immortality‚
1313 3918 1478 3966 comp.
1590 3897 1738 3946 Rom.
1779 3898 1876 3946 viii.
1914 3897 1948 3947 l.
1974 3913 2043 3948 c.:
2079 3899 2192 3947 τότε
2227 3900 2507 3960 ἄτρακτοι
2546 3902 2743 3963 verono-

331 3983 472 4034 Th.'s
518 4001 696 4033 comm.
749 4000 814 4033 on
859 3984 1006 4032 Rom.
1042 3982 1144 4030 viii.
1185 3997 1243 4030 2:
1295 3981 1359 4041 τῇ
1400 3985 1486 4030 τοῦ
1585 3996 1665 4028 τες
1691 3977 1753 4041 τῇ
1784 3982 1868 4028 τοῦ
1902 3982 2170 4038 πνεύματος
2202 3982 2367 4042 χάριτι
2402 3980 2628 4043 ἁμαρτεῖν
2661 3986 2746 4033 οὐκ

330 4067 595 4123 πνεύματος
629 4065 860 4125 μετουσίᾳ
898 4069 986 4126 τὴν
1026 4065 1294 4112 ἀνάστασιν
1327 4065 1484 4125 71:²⁶0·-
1587 4062 1925 4122 έπιδεχόμεθα.

331 4148 410 4194 θαι
446 4147 471 4194 ὁ
505 4147 588 4193 ἀπ.
631 4146 1061 4205 φησίν...πνεῦμα
1098 4142 1176 4193 οὖν
1213 4145 1328 4192 αὐτὸ
1369 4140 1487 4207 ζωῆς
1655 4156 1735 4203 23·
1782 4143 2029 4206 Spiritum
2079 4159 2120 4192 c.
2165 4160 2211 4194 α.
2263 4144 2490 4205 {umora}
2557 4145 2743 4194 Thdt.:

330 4229 472 4276 καλεῖ
491 4227 550 4276 ὡς
575 4228 632 4275 ἂν
653 4231 737 4287 τῆς
762 4229 1002 4276 ἀθανάτου
1032 4229 1151 4291 ζωῆς
1182 4227 1484 4288 παρεκτικόν,
1592 4226 1780 4283 πνεῦμα
1818 4223 1908 4285 τὴν
1946 4228 2092 4287 χάριν
2128 4225 2457 4276 ἐκάλεσεν-3
2496 4239 2747 4278 comment

329 4309 387 4370 ἦς
409 4310 521 4357 τότε
544 4312 821 4369 τευξόμεθα,
852 4313 1003 4358 κ.τ.λ.
1073 4309 1199 4357 Also
1223 4325 1289 4357 on
1320 4324 1337 4357 1
1368 4310 1483 4358 Cor.
1592 4307 1814 4370 wrongly
1850 4307 2119 4356 attributed
2158 4316 2209 4357 to
2248 4308 2345 4357 Th.
2380 4308 2448 4374 by
2481 4309 2603 4371 Mai,
2633 4325 2744 4360 nov.

329 4408 376 4438 v.
420 4403 480 4451 5:
531 4392 697 4450 ἐπειδὴ
742 4391 773 4450 ἡ
817 4391 1078 4440 ἀνάστασις
1124 4391 1256 4447 ἡμῶν
1300 4389 1363 4453 τῇ
1404 4395 1491 4441 τοῦ
1586 4393 1721 4449 patr.
1747 4387 1855 4435 bibl.
1883 4387 1962 4436 vii.
2000 4404 2060 4447 1.,
2091 4405 2143 4452 p.
2168 4392 2278 4447 408·

331 4473 597 4524 πνεύματος
622 4473 811 4530 δυνάμει
836 4473 1062 4534 γενέσθαι
1084 4475 1272 4531 μέλλει,
1303 4471 1486 4521 πολλά-
