3293 5233
436 410 564 474 204
1101 402 1552 455 THEODORUS
1600 401 2185 454 MOPSUESTENUS
2512 391 2588 475 [Ι.
2625 394 2787 455 8-1
2810 409 2860 455 1.

515 583 522 590 ‘
566 596 725 639 nam
773 575 952 658 quod
1014 575 1228 638 dixit:
1288 573 1359 637 in
1418 575 1768 637 uisceribus
1830 571 2097 649 Christi,
2160 576 2378 641 dicere
2437 576 2688 642 uoluit:
2746 578 2859 641 ‘in

436 681 713 744 caritate
744 677 856 743 illa
888 700 1060 762 quae
1090 678 1457 742 secundum
1494 676 1835 743 Christum
1868 677 2006 745 est.'
2051 686 2121 744 et
2151 681 2332 762 quod
2366 680 2540 744 dixit
2566 700 2580 744 :
2609 681 2860 745 caritas

435 796 670 860 uestra,
727 783 879 847 ‘illa
926 783 1157 864 utique
1197 800 1369 863 quae
1414 789 1482 844 et
1528 800 1687 863 erga
1732 782 1956 845 Deum
2002 791 2105 846 est
2149 792 2218 845 et
2263 804 2419 866 erga
2463 783 2857 848 alterutrum

436 885 573 950 est!
662 882 869 966 †uult
901 903 1060 965 ergo
1090 883 1310 946 dicere
1355 881 1672 964 quoniam
1719 884 1946 946 ‘testis
1995 892 2097 947 est
2140 882 2300 946 mihi
2335 885 2537 958 DeuS,
2570 886 2860 967 qualiter

372 1005 403 1072 5
437 1006 593 1067 erga
633 1006 753 1049 uos
795 983 1108 1047 affectum
1150 992 1365 1059 tene0,
1407 991 1474 1046 et
1516 1004 1634 1046 oro
1677 1004 1794 1065 per
1832 983 2093 1066 singula
2131 997 2476 1050 momenta
2514 987 2858 1050 abundare

436 1087 650 1168 magis
704 1087 772 1148 in
822 1085 1012 1149 uobis
1062 1085 1246 1147 illam
1297 1085 1664 1158 caritatem,
1716 1106 1888 1166 quae
1942 1095 2011 1149 et
2071 1107 2230 1168 erga
2292 1088 2516 1150 Deum
2567 1098 2636 1151 et
2694 1108 2855 1171 erga

435 1186 824 1250 alterutrum
872 1196 990 1251 est.
1082 1186 1427 1249 scientiam
1470 1205 1627 1247 uero
1675 1188 2183 1250 conuenientem
2225 1187 2470 1251 habere
2501 1209 2620 1251 uos
2656 1190 2857 1272 cupio

437 1288 521 1351 de
553 1288 681 1351 illis
713 1309 884 1371 quae
915 1287 1001 1351 ad
1044 1288 1361 1350 uirtutem
1406 1286 1756 1368 pertinent,
1788 1288 2147 1370 probantes
2177 1307 2349 1369 quae
2378 1288 2512 1351 sint
2548 1288 2812 1351 utiliora
2836 1311 2854 1367 3

435 1399 505 1452 et
550 1410 705 1473 erga
740 1389 851 1452 illa
895 1390 1109 1471 magis
1149 1387 1667 1452 sollicitudinem
1710 1389 2093 1470 expendite,
2128 1389 2223 1451 ita
2262 1397 2336 1452 ut
2376 1390 2441 1451 in
2484 1388 2704 1451 sutura
2743 1389 2855 1451 die

334 1520 412 1565 10
436 1492 578 1554 sine
610 1491 748 1554 ulla
778 1492 1156 1573 adpareatis
1188 1490 1711 1573 reprehensione,
1738 1489 2090 1571 plurimam
2115 1490 2555 1552 directionum
2588 1490 2852 1572 copiam

437 1592 832 1667 obtinentes,
866 1613 986 1674 pro
1031 1591 1271 1674 quibus
1317 1592 1563 1674 poterit
1608 1600 1678 1654 et
1724 1593 1788 1654 in
1837 1592 2167 1674 praesenti
2211 1591 2351 1653 uita
2390 1591 2745 1673 glorificari
2784 1591 2853 1654 in

438 1693 629 1756 uobis
672 1694 872 1770 DeuS,
905 1695 1214 1756 omnibus
1258 1714 1456 1775 super
1498 1702 1719 1757 uestra
1761 1694 2003 1757 uirtute
2050 1694 2233 1758 illum
2277 1693 2851 1772 conlaudantibuS,

440 1797 505 1857 in
568 1796 750 1858 cuius
812 1798 1080 1859 nomine
1138 1795 1303 1858 haec
1365 1795 1668 1860 faciti3.'*
1759 1798 1887 1860 ista
1939 1798 2210 1879 quidem
2264 1799 2525 1880 scripsit
2577 1798 2664 1861 ad
2719 1817 2853 1874 εοε,

438 1900 751 1963 affectum
783 1901 1124 1983 proprium
1156 1920 1355 1981 quem
1388 1920 1543 1981 erga
1575 1921 1690 1962 eos
1721 1899 2014 1964 habebat
2047 1902 2429 1964 ostendens·
2479 1910 2546 1964 et
2578 1899 2852 1983 quidem

338 2030 407 2097 15
441 2004 798 2067 uerissimis
860 2003 1169 2066 laudibus
1216 2002 1303 2065 ad
1355 2022 1583 2065 eorum
1633 2012 1735 2065 est
1791 2002 2330 2067 exhortationem
2380 2005 2646 2068 abusus,
2756 2004 2855 2065 in·-

441 2109 600 2190 cipit
656 2126 813 2169 uero
860 2107 927 2168 in
977 2105 1535 2185 subsequentibus
1589 2125 1669 2167 ea
1721 2126 1892 2186 quae
1939 2106 2023 2168 de
2070 2128 2143 2169 se
2196 2117 2384 2171 erant
2433 2116 2593 2170 nota
2639 2106 2856 2170 facere

442 2210 568 2272 illis
600 2208 797 2272 simul
841 2208 1112 2290 quidem
1145 2207 1330 2288 quasi
1379 2206 1732 2269 affectiosis
1775 2217 1842 2270 et
1884 2209 1996 2289 qui
2030 2209 2226 2271 ualde
2257 2230 2378 2292 pro
2419 2208 2533 2272 illo
2573 2206 2857 2286 solliciti,

571 2389 890 2468 βούλεται
950 2385 1150 2451 εἰπεῖν
1194 2384 1295 2450 ’ὅτι
1356 2393 1371 2421 ‘
1392 2385 1638 2471 μάρτυς
1697 2413 1822 2466 μου
1874 2387 1907 2451 ὁ
1969 2386 2109 2458 θεὸς
2167 2387 2340 2459 ὅπως
2385 2389 2539 2476 περὶ
2600 2389 2855 2458 πάντας

442 2491 605 2573 ὑμᾶς
636 2489 977 2570 διάκειμαι,
1012 2489 1116 2553 καὶ
1147 2487 1601 2575 προσεύχομαι
1631 2489 1947 2556 ἑκάστοτε
1977 2491 2352 2570 πλεονάζειν
2384 2493 2502 2573 μὲν
2530 2490 2703 2575 ὑμῶν
2733 2492 2855 2575 τὴν

332 2625 417 2671 20
444 2598 591 2684 περὶ
620 2595 730 2663 τὸν
761 2594 903 2661 θεὸν
934 2593 1042 2660 καὶ
1072 2592 1191 2674 τὴν
1221 2591 1371 2679 περὶ
1405 2590 1745 2673 ἀλλήλους
1785 2591 2065 2678 ἀγάπην,
2096 2597 2340 2678 ’γνῶσιν
2376 2594 2445 2661 δὲ
2476 2595 2655 2685 ἔχειν
2685 2595 2854 2680 ὑμᾶς

441 2703 557 2782 τὴν
599 2699 1063 2788 προσήκουσαν
1104 2697 1253 2782 περὶ
1300 2700 1423 2763 τῶν
1468 2697 1558 2768 εἰς
1601 2696 1836 2781 ἀρετὴν
1880 2698 2347 2780 συντεινόντων,
2396 2700 2857 2784 δοκιμάζοντας

443 2805 586 2870 τίνα
640 2804 720 2868 τὰ
781 2800 1135 2885 κρείττονα,
1183 2799 1291 2864 καὶ
1337 2799 1487 2884 περὶ
1539 2804 1748 2865 ταῦτα
1805 2804 2065 2881 μᾶλλον
2126 2801 2630 2881 ἐσπουδακότας,
2685 2803 2857 2870 ὥστε·

442 2906 607 2987 ὑμᾶς
651 2906 718 2970 ἐν
742 2907 819 2990 τῇ
852 2903 1190 2987 μελλούσῃ
1223 2899 1426 2988 ἡμέρᾳ
1464 2899 1840 2984 ἀμέμπτους
1884 2904 2053 2968 κατὰ
2082 2904 2300 2969 πάντα
2330 2907 2627 2988 φανῆναι,
2661 2905 2857 2988 ὄγκον

445 3005 872 3090 ἐπαγομένους
909 3000 1442 3088 κατορθωμάτων,
1484 3003 1582 3088 ἐφ’
1626 3002 1722 3072 οἷς
1768 3002 2042 3069 δυνατὸν
2072 3005 2185 3069 καὶ
2215 3006 2384 3070 κατὰ
2414 3006 2525 3071 τὸν
2555 3005 2857 3093 παρόντα

288 3121 291 3124 “
335 3137 371 3182 2
382 3134 411 3200 5
443 3112 593 3187 βίον
618 3106 1051 3188 θαυμάζεσθαι
1084 3103 1182 3187 ἐφ’
1217 3103 1363 3185 ὑμῖν
1392 3104 1503 3170 τὸν
1534 3102 1693 3180 θεόν,
1726 3104 1990 3171 πάντων
2014 3105 2094 3176 ὥς
2125 3104 2295 3176 εἰκὸς
2327 3107 2432 3173 ἐπὶ
2468 3110 2545 3191 τῇ
2580 3107 2856 3195 ὑμετέρᾳ

443 3210 640 3299 άρέτῃ
672 3211 908 3274 ἐκεῖνον
938 3205 1488 3287 ἐκπληττομένων,
1522 3204 1721 3293 οὗπερ
1752 3207 1852 3271 ἐπ’
1885 3205 2148 3288 ὀνόματι
2179 3211 2385 3273 ταῦτα
2413 3212 2695 3274 ποιεῖτε.’

544 3396 571 3430 2
609 3387 683 3429 est
705 3395 781 3427 om
806 3378 873 3427 II
1029 3393 1056 3440 3
1093 3384 1140 3425 et
1169 3377 1259 3436 (1⁰)
1285 3392 1362 3423 om
1392 3376 1435 3423 C
1598 3392 1657 3426 10
1690 3376 1977 3425 confusione
2003 3376 2112 3440 (jor
2133 3377 2347 3441 repr-eh.)
2371 3378 2438 3426 II
2456 3377 2463 3441 Ι
2494 3378 2778 3428 directionis
2800 3379 2869 3428 II

452 3479 466 3510 1
480 3477 506 3524 3
542 3461 743 3525 quidam
774 3460 816 3507 C
1005 3470 1057 3516 15
1095 3457 1146 3504 in
1174 3455 1277 3518 (bes
1298 3453 1419 3518 uer.)
1444 3456 1548 3503 add
1572 3458 1615 3504 C
1635 3457 1702 3504 ll
1713 3472 1745 3504 r
1931 3470 1985 3516 17
2021 3457 2315 3506 affectuosus
2339 3475 2370 3505 r
2395 3456 2402 3520 Ι
2433 3465 2570 3507 erant
2596 3458 2701 3523 (bes
2719 3458 2859 3519 soll.)

443 3544 546 3590 add
562 3544 629 3589 ll
792 3540 848 3588 18
873 3554 945 3602 sq.
988 3537 1142 3587 Coisl.
1169 3551 1278 3598 204,
1308 3536 1339 3584 s.
1373 3553 1458 3585 112
1485 3538 1518 3585 b
1543 3538 1650 3599 [Cr.
1676 3538 1739 3585 vi.
1770 3539 1880 3599 236,
1908 3539 1989 3587 Fr.
2025 3539 2134 3599 138]
2202 3541 2449 3600 θεοδώρου.
2518 3540 2666 3590 ἄλλος
2687 3542 2857 3601 φησίν·

442 3627 691 3688 βούλεται,
718 3622 859 3668 κ.τ.λ.
1068 3633 1126 3682 19
1160 3616 1288 3677 ὑμῶν
1313 3618 1447 3666 edd.:
1483 3625 1558 3666 txt
1579 3619 1691 3667 cod.

444 3754 514 3802 ad
526 3754 574 3802 Ιι.
599 3752 633 3800 l.
658 3752 747 3799 has
771 3751 854 3800 the
873 3750 1091 3799 remark:
1123 3751 1318 3798 “habet
1334 3747 1596 3813 [sincerus]
1770 3766 1843 3801 10.
1896 3753 2236 3814 dl'rccltbmcm]
2306 3754 2400 3804 See
2425 3753 2524 3803 Gk.
2537 3769 2553 3813 ;
2587 3754 2687 3803 and
2709 3755 2772 3805 cf.
2802 3771 2856 3821 p.

444 3836 546 3884 duo
568 3834 779 3898 pluralia
806 3833 1037 3881 ‘sinceri’
1062 3841 1111 3881 et
1142 3834 1382 3882 ‘sinceres
1404 3832 1440 3892 ;'
1470 3834 1597 3882 sicut
1702 3845 1778 3894 51,
1811 3832 1842 3882 l.
1874 3847 1918 3896 9,
1950 3841 2083 3882 note.

444 3920 748 3979 diaconus,
778 3915 1015 3965 diaconi
1044 3923 1093 3964 et
1116 3913 1452 3964 diacones.‘’
1506 3916 1596 3962 Re·
1773 3929 1842 3974 14.
1904 3920 1950 3962 et
1990 3915 2182 3977 quidem
2227 3931 2331 3963 uer.
2376 3913 2439 3977 l.]
2531 3915 2627 3965 See
2672 3932 2752 3964 vv.
2797 3916 2854 3965 11.

436 3998 1232 4066 Νυίίρηιίίιινιεπεπληρωμένοι
1254 3995 1450 4057 καρπόν.
1527 3997 1598 4045 So
1697 3997 1872 4060 Jacobi
1898 4015 1911 4046 ε
1970 3998 2068 4045 “in
2122 3998 2390 4047 delendum
2446 4015 2553 4048 esse
2608 3998 2857 4048 uidetur.”

445 4086 550 4133 also
577 4098 682 4145 e.g.
715 4081 881 4130 Sedul.
913 4080 1047 4128 Scot.
1077 4078 1177 4127 and
1206 4076 1438 4141 Ziegler's
1473 4077 1597 4141 frag·
1701 4079 1810 4127 The
1843 4094 1981 4142 prep.
2006 4095 2122 4142 may
2151 4079 2278 4128 have
2308 4081 2462 4144 easily
2494 4089 2632 4146 crept
2657 4081 2707 4130 in
2729 4081 2857 4131 aster

447 4174 623 4214 ments,
1700 4159 1785 4207 the
1821 4159 1938 4206 final
1974 4159 2117 4208 letter
2146 4159 2205 4208 of
2227 4161 2437 4223 quidem.

519 4263 559 4295 1.
641 4246 772 4309 quod
803 4244 1089 4293 dixit...sec.
1139 4243 1259 4292 Chr.
1306 4240 1398 4302 est]
1466 4243 1597 4291 Lan·
1771 4256 1844 4302 17.
1891 4241 2159 4303 affectiosis]
2217 4241 2294 4291 Cf.
2324 4243 2461 4291 Tert.
2486 4243 2646 4291 anim.
2679 4260 2736 4310 ¹9
2762 4243 2849 4303 (cd.

447 4326 599 4374 franc.
1701 4320 1927 4375 Oehler):
1972 4323 1984 4344 ‘
1995 4323 2008 4345 ‘
2023 4321 2230 4369 infantia
2244 4360 2253 4369 .
2265 4360 2295 4371 ..
2312 4322 2602 4371 naturaliter
2635 4322 2854 4371 affectio·

514 4409 560 4453 8.
600 4421 724 4468 quae
743 4404 847 4451 sint
868 4403 1090 4464 utilebra]
1125 4424 1169 4443 =
1204 4399 1263 4450 τὰ
1289 4404 1588 4464 διαφέροντα.
1700 4400 1803 4447 sa.’'
1893 4402 1964 4451 So
1997 4402 2176 4459 below,
2202 4419 2250 4466 p.
2284 4416 2392 4465 227,
2423 4403 2456 4451 l.
2489 4402 2559 4452 16.
2648 4403 2855 4453 R'onsch

447 4486 626 4534 Thur:
664 4485 769 4531 τίνα
791 4485 876 4541 μὲν
902 4486 1045 4543 καλά,
1074 4486 1182 4532 τίνα
1208 4485 1259 4533 δὲ
1283 4485 1542 4545 κρείττονα.
1700 4482 1872 4540 (Itala,
1905 4498 1955 4546 p.
1992 4481 2073 4542 26)
2106 4483 2244 4547 gives
2277 4483 2398 4547 only
2429 4483 2515 4532 the
2551 4482 2678 4532 form
2715 4483 2853 4547 affec-
