3293 5233
334 449 454 515 IV.
496 448 702 533 1—3.]
1163 463 1246 513 IN
1296 463 1402 514 ΕΡ.
1447 462 1550 511 AD
1597 460 1973 512 EPHEsloS.
2625 448 2742 529 163

458 631 698 695 obsecro
724 651 874 713 ergo
903 651 1017 693 uos
1043 651 1152 713 ego
1182 630 1436 693 uinctus
1465 627 1536 692 in
1565 627 1867 691 Domine.

461 764 879 845 dogmaticos
944 785 1284 827 sermones
1356 762 1700 846 hucusque
1773 783 2260 839 consummanS,
2334 761 2566 844 incipit
2638 760 2746 825 hic

331 865 600 928 ethicos
678 877 747 929 et
770 868 1056 949 primum
1082 868 1353 950 quidem
1386 866 1514 930 illis
1545 868 1846 949 disputat
1875 868 1961 929 de
1992 867 2267 930 caritate
2297 876 2364 929 et
2394 867 2749 929 concordia

332 986 532 1048 quam
589 987 745 1049 erga
800 989 869 1031 se
921 969 1169 1031 debent
1219 969 1285 1031 in
1340 952 1625 1031 inuicem
1683 988 2029 1046 exercere;
2071 987 2273 1050 quam
2329 977 2395 1031 et
2448 968 2747 1030 maxime

332 1070 643 1132 omnibus
689 1071 816 1133 illis
861 1071 1012 1153 plus
1057 1092 1202 1134 esse
1247 1073 1686 1134 necessariam
1734 1071 2093 1147 existimat,
2127 1071 2308 1134 omni
2355 1071 2422 1134 in
2470 1069 2617 1134 loco
2661 1073 2747 1134 de
2822 1089 2852 1154 5

333 1171 447 1235 illa
478 1174 844 1255 disputans.
934 1177 1264 1258 optimum
1298 1176 1607 1257 equidem
1635 1176 2033 1258 principium
2065 1176 2153 1238 ab
2184 1174 2650 1238 exhortatione
2680 1184 2749 1238 et

331 1274 789 1339 obsecratione
821 1278 1182 1359 sumpsisse
1211 1277 1491 1341 uidetur.
1580 1277 1706 1341 scit
1736 1278 1913 1340 enim
1947 1277 2162 1359 magis
2193 1278 2276 1339 ad
2310 1277 2747 1339 reuerentiam

335 1378 616 1442 inuitare
668 1380 785 1443 tali
835 1380 1319 1456 exhortatione,
1373 1380 1673 1443 maxime
1721 1381 1878 1462 quia
1928 1389 1993 1443 et
2046 1380 2304 1455 adiecit,
2365 1378 2620 1440 uinctus
2678 1378 2749 1440 in

334 1479 616 1543 Domino
638 1501 663 1558 ;
753 1482 1084 1563 siquidem
1149 1491 1215 1545 et
1287 1483 1431 1566 ipsa
1498 1481 1764 1544 uincula
1840 1492 2112 1563 propter
2187 1479 2748 1563 praedicationem

334 1581 578 1647 habere
610 1585 886 1649 uidetur.
953 1605 1105 1647 cum
1138 1585 1379 1668 quibus
1410 1595 1478 1649 et
1508 1587 1893 1649 obsecratur
1924 1605 2039 1648 eos
2069 1586 2338 1649 dicens:
2787 1609 2864 1656 10

466 1734 543 1788 ut
567 1724 761 1807 dig-ne
788 1726 1128 1789 ambuletis
1156 1701 1476 1789 uocatioize
1503 1748 1632 1809 qua
1664 1726 1876 1790 uocati
1900 1727 2066 1791 estis.

468 1855 535 1909 et
565 1844 692 1909 hoc
723 1848 951 1910 dicens
982 1849 1066 1910 ad
1099 1849 1564 1911 uerecundiam
1599 1868 1714 1911 eos
1748 1849 2028 1924 inuitat;
2075 1847 2130 1910 si
2171 1856 2397 1910 tamen
2445 1847 2752 1929 propriae

338 1950 673 2013 uocationi
732 1951 937 2033 digna
984 1951 1133 2014 illos
1177 1972 1373 2034 agere
1418 1953 1826 2033 deprecatur.
1933 1951 2092 2032 quid
2144 1959 2368 2013 autem
2418 1957 2521 2013 est
2572 1951 2749 2033 quod

338 2051 687 2133 postulat?

467 2222 610 2264 cum
640 2201 823 2266 omni
845 2203 1214 2268 humilitate
1246 2215 1309 2269 et
1346 2204 1850 2281 mansuetudine,
1880 2227 2023 2268 cum
2052 2205 2397 2288 patientia,
2435 2206 2754 2269 sustineri·
2791 2209 2861 2275 15

345 2312 436 2364 tes
464 2303 535 2366 in
567 2304 839 2368 inuicem
869 2306 942 2368 in
970 2308 1259 2372 caritate.

471 2424 786 2505 quoniam
826 2424 954 2488 hoc
984 2427 1266 2500 dicebat,
1306 2426 1463 2508 quia
1496 2426 1797 2490 Christus
1828 2425 2137 2507 equidem
2169 2426 2468 2488 diuinam
2499 2423 2756 2488 habens

343 2529 409 2591 in
442 2547 514 2590 se
547 2539 868 2604 naturam,
904 2540 1129 2593 tamen
1164 2529 1374 2594 multa
1407 2529 1783 2593 humilitate
1828 2531 2074 2591 abusus
2106 2529 2332 2592 omnia
2376 2528 2590 2592 uoluit
2634 2548 2755 2610 pro

342 2642 568 2695 nostra
609 2633 748 2713 pati
790 2633 1019 2696 salute.
1108 2631 1236 2696 hoc
1273 2655 1429 2715 ergo
1461 2634 1623 2697 dicit
1654 2635 2058 2696 conueniens
2090 2654 2232 2696 esse
2263 2634 2628 2709 uocatione‚
2665 2634 2758 2697 ita

343 2742 418 2795 ut
466 2732 710 2796 Christi
765 2734 1103 2797 imitantes
1154 2734 1599 2798 humilitatem
1662 2730 2031 2797 sustineant
2083 2757 2153 2798 se
2201 2735 2502 2811 inuicem,
2555 2737 2755 2798 etiam
2787 2749 2871 2797 20

343 2835 465 2898 etsi
540 2836 923 2918 delinquere
993 2837 1281 2919 aliquem
1344 2836 1703 2917 aliquando
1764 2837 2077 2901 extiterit.
2180 2838 2351 2899 bene
2403 2848 2627 2901 autem
2690 2840 2756 2900 in

343 2936 580 2999 ultimo
627 2939 847 3018 posuit
892 2938 963 3000 in
1005 2939 1293 3012 caritate,
1339 2959 1419 3000 eo
1465 2938 1642 3018 quod
1694 2937 1747 2998 si
1793 2936 1965 2998 hanc
2010 2936 2302 3000 habeant
2337 2936 2508 3000 inter
2548 2958 2635 3011 se,
2688 2948 2755 3000 et

344 3037 788 3101 humilitatem
822 3050 889 3103 et
922 3042 1503 3104 mansuetudinem
1535 3049 1603 3103 et
1635 3040 2026 3122 patientiam
2068 3048 2134 3102 et
2174 3040 2401 3102 orrinia
2448 3040 2513 3101 in
2561 3061 2759 3121 opere

345 3140 693 3203 ostendere
724 3142 1028 3223 poterint.

473 3274 897 3339 adcelerantes
922 3297 1185 3339 seruare
1214 3275 1529 3339 unitatem
1564 3275 1874 3358 Spiritus,
1906 3276 1976 3338 in
2007 3276 2261 3338 uinculo
2275 3275 2476 3356 pacis.
2789 3282 2825 3327 2
2837 3280 2866 3344 5

451 3453 469 3485 1
509 3444 675 3484 autem
711 3436 827 3500 (for
857 3435 996 3501 ergo)
1034 3436 1099 3484 H
1352 3452 1378 3485 2
1415 3436 1497 3485 hic
1530 3452 1607 3485 om
1644 3436 1712 3483 H
1939 3455 1986 3497 4,
2018 3433 2076 3484 16
2111 3434 2161 3483 in
2199 3435 2306 3497 (bqf
2324 3434 2558 3495 inuicem)
2594 3451 2670 3483 om
2705 3436 2772 3484 H

347 3518 378 3567 6
412 3519 536 3567 illud
559 3519 627 3567 II
862 3535 916 3568 12
953 3518 1153 3583 proprie
1176 3518 1438 3568 uocatione
1467 3519 1511 3568 C
1765 3533 1822 3583 19
1855 3517 2107 3567 uocationi
2137 3519 2178 3566 C
2200 3515 2345 3580 (corr)
2366 3518 2682 3567 uocationem
2706 3517 2775 3566 H

352 3614 413 3662 25
450 3600 687 3649 uirtutem
714 3600 826 3663 (sor
844 3600 993 3662 unit.)
1023 3602 1065 3649 C
1085 3601 1153 3648 H

349 3759 406 3791 or
454 3742 667 3806 perhaps
715 3742 880 3791 rather
937 3749 990 3790 to
1046 3741 1185 3805 [per]
1242 3741 1508 3805 catalcpsin
1612 3740 1769 3800 Scot.,
1793 3737 2103 3804 suffire-ntes).

352 3824 454 3883 (see
478 3824 558 3872 De
580 3824 684 3882 Vit,
713 3822 867 3885 s.v.);
902 3838 958 3871 so
984 3824 1134 3872 Pitra.
1678 3834 1757 3880 24.
1813 3819 2052 3882 poterint]
2122 3820 2218 3870 See
2248 3837 2297 3884 p.
2332 3836 2376 3879 2,
2408 3821 2446 3869 1.
2474 3835 2500 3868 2
2523 3839 2537 3881 ;
2572 3822 2671 3871 and
2695 3821 2759 3871 cs.

419 3916 463 3966 7.
534 3904 623 3951 scit
675 3904 806 3950 enim
860 3902 1296 3967 magis...m'dclur]
1376 3902 1507 3951 Lan-
1611 3901 1812 3965 Bensly,
1841 3902 1920 3950 M.
1952 3902 2025 3961 F„
2055 3918 2140 3967 pp.
2171 3915 2226 3964 72
2256 3904 2431 3962 (note),
2459 3904 2536 3953 88.

351 3984 523 4032 franc:
596 3983 713 4031 “ad
772 3984 1100 4032 reuerentiam
1158 3991 1318 4032 mutat
1387 3984 1501 4047 (leg.
1678 3996 1757 4045 25.
1824 3982 2162 4044 adcelerantes]
2230 3982 2308 4032 Cs.
2341 4000 2360 4033 1
2389 3985 2565 4033 Thess.
2597 3984 2648 4033 ii.
2685 3996 2758 4045 17,

351 4063 550 4128 inuitat)
590 4066 709 4129 quia
754 4066 936 4115 adiecit
970 4084 1050 4130 ego
1085 4067 1282 4114 uinctus
1320 4065 1375 4113 in
1415 4067 1506 4123 D„
1607 4066 1768 4129 infra.
1839 4064 2125 4113 Elsewhere
2172 4065 2221 4113 in
2269 4065 2353 4114 the
2398 4074 2502 4114 text
2559 4066 2617 4114 of
2664 4065 2765 4114 this

351 4146 599 4210 siquidem
633 4147 740 4210 ipsa
771 4164 817 4195 u.
854 4154 1057 4213 propter
1091 4148 1259 4211 praed.
1289 4146 1338 4196 h.
1369 4148 1504 4195 uide·
1606 4163 1787 4197 comm.
1842 4147 2129 4207 σπουδάζειν
2172 4147 2213 4197 is
2259 4149 2500 4197 rendered
2556 4150 2623 4214 by
2665 4150 2767 4213 fis-

353 4227 484 4278 tur.’'
551 4228 694 4276 With
740 4227 884 4278 Th.'s
932 4216 1127 4278 remark
1174 4230 1235 4278 cf.
1280 4229 1430 4278 Oea:
1481 4230 1507 4278 ὀ
1607 4232 1785 4280 linare.

354 4311 624 4358 ἀπόστολος
648 4313 824 4369 ταύτην
855 4310 941 4371 [sc.
964 4314 1051 4371 τὴν
1076 4310 1264 4371 ἅλυσιν]
1289 4312 1505 4372 προβάλ-
1671 4311 1933 4371 unitatem]
2000 4312 2095 4359 See
2117 4328 2199 4359 vv.
2224 4311 2275 4361 ll.
2339 4312 2450 4360 The
2484 4314 2690 4377 reading
2717 4308 2776 4361 os

351 4394 491 4442 λεται
515 4392 574 4441 ὡς
598 4389 675 4440 διὰ
698 4394 873 4451 ταύτης
898 4391 1195 4451 δυσωπήσων
1216 4395 1399 4441 αὐτούς.
1607 4391 1692 4440 the
1728 4391 1882 4442 MSS.
1920 4393 1962 4440 is
1997 4392 2219 4441 retained
2263 4393 2332 4456 by
2372 4394 2519 4453 Pitra,
2561 4396 2650 4443 but
2685 4395 2769 4445 the

424 4486 499 4534 15.
550 4473 855 4533 sustinentes]
882 4474 950 4522 So
967 4473 1289 4537 Cypr.,Aug.
1316 4472 1504 4535 (Vulg.‚
1609 4490 1789 4523 comm.
1843 4475 2005 4523 shews
2046 4475 2151 4523 that
2197 4474 2236 4522 it
2282 4475 2322 4523 is
2357 4476 2539 4540 simply
2579 4479 2675 4526 due
2716 4486 2769 4525 to

355 4559 723 4616 supportante&
782 4554 949 4610 Hier.‚
1010 4554 1279 4609 Ambrstr.,
1332 4553 1500 4603 Sedul.
1616 4554 1698 4601 the
1724 4571 1858 4603 error
1882 4554 1938 4603 os
1956 4571 1983 4602 a
2008 4554 2184 4603 scribe.

2393 4672 2590 4716 11—:2
