3293 5233
595 392 720 457 24²
1243 385 1699 440 Tnssononus
1745 385 2330 440 MOPSUESTENUS
2717 373 2877 458 [111.
2918 388 3014 456 ¹9·

590 568 662 625 et
707 559 1034 623 minorare
1079 566 1437 642 properant
1482 559 1596 623 illa
1640 576 1812 641 quae
1853 575 2012 641 erga
2043 558 2383 622 Christum
2414 565 2589 633 sunt,
2621 553 3012 621 sollicitudi-

594 684 748 728 nem
779 683 937 746 erga
966 663 1181 746 legem
1214 662 1675 746 impendentes
1696 660 1774 726 ἓ*

721 825 993 889 quorum
1022 804 1176 869 deus
1205 815 1426 869 uenter
1450 815 1557 871 est.

725 932 804 1017 †‘
823 934 949 998 hoc
974 936 1322 1012 manduca,
1350 937 1512 1001 illud
1547 937 1684 1003 noli
1717 939 2185 1019 manducare’3
2233 952 2300 1005 et
2331 942 2504 1006 circa
2534 944 2757 1007 studia
2787 963 2908 1008 sua
2937 964 3011 1007 se

532 1045 881 1118 suertunt,
931 1039 1119 1120 quasi
1173 1040 1302 1103 deo
1354 1040 1621 1104 cuidam
1672 1044 1887 1106 uentri
1933 1064 2056 1107 suo
2103 1044 2539 1122 intendenteS,
2571 1054 2659 1122 ,et
2718 1046 3008 1129 idipsum

596 1139 917 1222 pietatem
979 1162 1120 1204 esse
1180 1142 1587 1220 existimant,
1649 1145 1829 1227 quod
1890 1146 2020 1209 alia
2079 1147 2351 1229 quidem
2412 1146 2505 1210 illi
2566 1148 2815 1224 offerre,
2878 1147 3011 1212 alia

596 1246 872 1310 minime
910 1245 1144 1310 offerre
1181 1246 1558 1311 studeant!
1662 1249 1828 1312 illud
1868 1250 2116 1313 etenim
2154 1253 2334 1334 quod
2376 1251 2550 1315 ultra
2596 1272 2731 1315 non
2776 1273 3013 1316 secun-

598 1350 760 1414 dum
810 1350 1222 1414 uoluntatem
1280 1351 1407 1413 Dei
1462 1350 1553 1429 fit,
1608 1335 2032 1415 obseruantia
2083 1363 2187 1416 est
2235 1374 2402 1436 pura
2449 1352 2610 1417 nihil
2663 1354 3011 1417 continens

598 1453 946 1529 bonitatis;
985 1453 1405 1535 iniquitatem
1439 1474 1596 1516 uero
1628 1452 1884 1536 perficit
1915 1454 2311 1520 euidentem.
2416 1454 2592 1519 unde
2624 1454 2790 1519 illud
2822 1465 2890 1518 et
2921 1473 3012 1517 ex

496 1575 574 1623 10
600 1558 1011 1623 abundantia
1043 1566 1366 1621 extenuat
1397 1558 1622 1621 dicens
1648 1577 1664 1621 ε

728 1718 791 1772 et
805 1706 1027 1789 gloria
1057 1706 1128 1770 in
1156 1705 1520 1787 conficsione
1547 1726 1784 1769 eorum.

730 1842 1117 1928 †magnum
1147 1843 1395 1926 aliquid
1429 1863 1575 1905 esse
1605 1842 2015 1915 existimant,
2043 1849 2115 1903 ut
2147 1841 2279 1905 alia
2310 1840 2580 1923 quidem
2607 1842 3010 1904 manducen-

592 1955 722 2022 tur,
774 1946 904 2010 alia
953 1967 1085 2009 non
1141 1946 1643 2020 manducentur,
1696 1964 1828 2006 non
1883 1943 2377 2006 considerantes
2422 1944 2738 2025 quoniam
2793 1942 3011 2005 omnis

600 2068 766 2122 esca,
814 2068 1115 2129 quaeque
1164 2046 1276 2109 illa
1322 2045 1516 2108 fuerit
1560 2046 1913 2126 insumpta,
1954 2045 2020 2107 in
2064 2054 2349 2108 stercore
2392 2047 2682 2120 uertitur,
2725 2045 2907 2126 quod
2944 2054 3011 2107 et

497 2163 567 2229 15
601 2149 917 2231 inspicere
948 2148 1469 2224 confundentur3
1512 2137 1665 2210 ecce
1706 2148 2074 2211 studiorum
2107 2168 2333 2210 eorum
2367 2149 2482 2231 qui
2511 2157 2613 2211 est
2645 2146 2854 2213 finis*
2944 2157 3013 2211 et

600 2254 684 2318 ad
719 2254 990 2337 plenum
1023 2275 1136 2317 eos
1168 2254 1475 2315 incusans
1507 2252 1787 2314 adiecit:

600 2435 690 2517 τῷ
740 2430 1017 2518 Χριστῷ
1062 2429 1171 2495 καὶ
1229 2428 1680 2497 ἐλαττούντων
1730 2432 1817 2496 τὰ
1873 2433 2023 2519 περὶ
2066 2432 2263 2500 αὑτὸν
2310 2436 2387 2517 τῇ
2434 2433 2586 2520 περὶ
2632 2433 2717 2499 τὰ
2771 2430 3013 2517 νόμιμα

601 2530 889 2616 σπουδῇ;

734 2641 899 2708 ’τόδε
930 2643 1096 2728 φάγε
1126 2644 1236 2710 καὶ
1273 2641 1417 2709 τόδε
1447 2644 1537 2724 μὴ
1572 2643 1831 2731 ficiam*
1921 2643 2032 2710 καὶ
2080 2644 2233 2733 περὶ
2269 2649 2462 2713 τοῦτο
2505 2643 2769 2715 ἑαυτοὺς
2801 2642 3011 2734 ἄσχο-

491 2771 576 2819 20
600 2750 859 2817 λοῦντες
898 2747 1120 2834 ὥσπερ
1167 2749 1291 2837 θεῷ
1326 2751 1410 2835 τῇ
1449 2748 1669 2836 κοιλίᾳ
1708 2749 2164 2839 προσέχοντες,
2209 2750 2321 2816 καὶ
2369 2750 2442 2815 τὸ
2470 2748 2769 2828 εὖσεβεῖν
2809 2747 2882 2817 ἐν
2920 2752 3012 2835 τῷ

599 2850 753 2916 τάδε
783 2850 945 2937 αὐτῇ
977 2852 1429 2937 προσκομίζειν
1459 2850 1496 2931 ἢ
1526 2852 1615 2933 μὴ
1649 2851 1802 2917 τάδε
1833 2853 2171 2935 τιθέμενοι.

730 2953 898 3036 μέγα
956 2955 1205 3041 (φησὶν)
1258 2956 1625 3037 νομίζουσιν
1670 2954 1743 3019 τὸ
1794 2957 1884 3039 μὴ
1933 2955 2091 3022 τάδε
2142 2960 2390 3041 φαγεῖν,
2435 2955 2620 3021 ἀλλὰ
2661 2956 2835 3023 τάδε·
2897 2954 3014 3022 οὐκ

601 3057 960 3129 ἐννοοῦντες
991 3056 1089 3125 ὅτι
1108 3061 1356 3144 ’κόπρος
1386 3056 1635 3141 γίνεται
1676 3054 1837 3143 ὅπερ
1870 3056 1952 3123 ἂν
1990 3057 2307 3144 φάγωσιν,
2337 3056 2414 3140 ἣν
2443 3057 2553 3123 καὶ
2589 3056 2751 3145 ὁρᾶν
2779 3056 3015 3146 αἰσχύ-

603 3182 835 3228 νονται·
884 3159 1016 3229 ἰδοὺ
1049 3164 1163 3241 τῆς
1195 3160 1486 3241 σπουδῆς
1515 3158 1732 3226 αὐτῶν
1759 3160 1835 3226 τὸ
1862 3160 2062 3232 τέλος.

702 3313 729 3362 5
769 3300 833 3348 ad
858 3299 1019 3362 ipsum
1050 3299 1094 3348 C
1113 3300 1262 3358 (corr)
1460 3313 1490 3364 9
1525 3298 1672 3347 efficit
1696 3299 1950 3348 uidentem
1976 3301 2042 3347 H
2096 3299 2317 3363 perficite
2340 3299 2443 3348 uid.
2468 3316 2500 3348 r
2524 3296 2532 3362 Ι
2562 3299 2696 3347 unde
2728 3304 2778 3346 et
2814 3297 2936 3347 illud
2959 3298 3024 3347 H

607 3396 628 3431 1
644 3395 662 3429 ι
701 3397 871 3429 eorum
898 3380 994 3442 (ast
1013 3378 1188 3442 gloria)
1213 3380 1316 3427 add
1338 3381 1381 3427 C
1578 3395 1635 3440 14
1671 3387 1886 3429 stercora
1914 3382 1957 3430 C
1977 3382 2126 3441 (corr)
2319 3395 2373 3443 15
2410 3381 2778 3430 confunduntur
2804 3382 2847 3430 C
2868 3382 3015 3442 (corr)

607 3461 666 3511 16
700 3462 851 3510 adicit
891 3462 974 3509 Cr
1174 3475 1229 3522 ¹7
1265 3462 1421 3507 αὐτῶν
1456 3460 1587 3519 cod„
1618 3462 1701 3509 Cr.
1903 3476 1962 3511 αα
1988 3479 2060 3527 sq.
2103 3463 2257 3512 Coisl.
2286 3479 2397 3524 204,
2424 3463 2457 3511 f.
2492 3477 2583 3524 134
2606 3478 2637 3511 a
2670 3462 2777 3524 [Cr.
2807 3465 2876 3511 vi.
2902 3476 3012 3526 279.

604 3543 688 3592 Fr.
722 3541 835 3604 140]
901 3541 1142 3601 θεόδωρος.
1215 3538 1363 3589 ἄλλος
1388 3542 1458 3589 δέ·
1494 3540 1640 3591 οὕτως
1662 3542 1792 3602 μέγα
1815 3548 1886 3603 φ.,
1917 3546 2064 3592 κ.τ.λ.
2089 3543 2223 3593 cod.:
2260 3551 2333 3592 txt
2357 3544 2471 3593 edd.

670 3693 717 3735 4.
800 3672 885 3720 hoc
920 3672 1181 3728 manduca,
1218 3672 1331 3732 ἃς]
1405 3671 1587 3736 Comp.
1622 3672 1764 3735 infra
1862 3676 2215 3740 explanation:
2253 3673 2571 3738 διαφερόντως
2595 3677 2696 3738 γὰρ
2729 3678 2773 3725 01
2800 3674 3021 3727 Ἰουδαῖοι

604 3770 671 3802 on
695 3753 808 3803 Col.
835 3753 884 3801 ii.
912 3769 1088 3809 21‚22.
1147 3754 1434 3817 According
1458 3761 1510 3802 to
1534 3756 1579 3802 T
1583 3755 1652 3809 h„
1679 3755 1764 3803 the
1862 3757 2054 3816 πολλήν
2099 3758 2344 3806 ποιοῦνται
2392 3760 2575 3819 τροφῆς
2618 3758 2686 3820 [v.
2726 3759 2762 3809 l.
2814 3758 3021 3821 τρυφῆς]

602 3834 856 3900 Judaizers
880 3850 961 3882 are
986 3833 1084 3881 still
1108 3834 1159 3881 in
1185 3834 1323 3892 view,
1348 3851 1400 3882 as
1427 3834 1540 3897 they
1556 3851 1637 3883 are
1657 3835 1762 3883 also
1862 3839 2142 3897 ἐπιμέλειαν
2169 3840 2247 3887 καὶ
2284 3841 2580 3897 δικαιοσύνης
2611 3840 2720 3900 ὅρον
2751 3840 3021 3898 νομίζουσιν

605 3917 657 3967 in
677 3917 761 3966 the
787 3916 990 3980 parallel
1014 3932 1235 3980 passage,
1263 3917 1407 3965 Rom.
1441 3916 1536 3964 xvi.
1565 3918 1620 3965 18
1640 3918 1762 3976 (δου-
1861 3920 1952 3981 τὴν
1973 3922 2025 3969 ἐν
2046 3919 2281 3982 σαββάτῳ
2307 3921 2498 3982 χλιδήν.

605 3999 955 4059 λεύουσιν...τῇ
977 3997 1165 4047 ἑαυτῶν
1193 3998 1389 4059 κοιλίᾳ),
1420 3999 1660 4061 although
1686 4001 1763 4049 his
1929 4015 1973 4063 5.
2057 4004 2204 4067 quasi
2243 4006 2418 4053 Deo...
2440 4001 2685 4064 studeant]
2768 4002 2920 4053 Cited
2954 4003 3024 4068 by

605 4082 923 4146 explanation
948 4080 1004 4130 os
1031 4081 1115 4130 the
1138 4082 1398 4145 mctaphor
1423 4081 1560 4130 there
1594 4082 1635 4130 is
1670 4084 1761 4131 dis·
1864 4084 2143 4134 Lansranc:
2178 4099 2260 4133 see
2282 4099 2362 4131 vv.
2388 4083 2442 4131 ll.

606 4165 761 4214 serent
788 4162 897 4224 (τήν
922 4163 1105 4212 ἑαυτῶν
1124 4166 1343 4225 ’γαστέρα
1368 4164 1582 4224 πληροῦν
1604 4164 1764 4213 πάντα
1934 4182 2009 4228 ¹4·
2077 4183 2291 4230 quaeque
2321 4166 2427 4222 illa,
2463 4165 2579 4226 δια]
2645 4165 2747 4215 Illa
2786 4165 2830 4214 is
2868 4182 3022 4231 appa·

606 4246 863 4307 ποιοῦσιν).
939 4246 1133 4309 Chrys„
1184 4262 1249 4295 on
1297 4247 1379 4295 the
1424 4247 1567 4295 other
1610 4248 1763 4308 hand,
1862 4247 2024 4308 rently
2049 4247 2356 4303 redundant3
2400 4261 2482 4294 see
2505 4261 2552 4308 p.
2578 4260 2688 4305 214,
2713 4245 2749 4294 l.
2781 4260 2855 4307 13,
2884 4256 3021 4295 note.

606 4329 806 4392 regards
853 4329 936 4377 the
981 4330 1079 4392 Ap.
1092 4327 1129 4377 ’s
1174 4344 1376 4377 censure
1431 4345 1485 4378 as
1541 4329 1763 4379 directed
1863 4325 1965 4374 For
2025 4326 2578 4391 quisque=quicunque
2643 4341 2726 4375 see
2793 4325 3017 4386 R'Onsch»

606 4409 798 4475 against
866 4411 1173 4460 antinomian
1240 4409 1487 4459 members
1553 4410 1612 4458 os
1679 4410 1764 4459 the
1863 4408 2011 4466 Itala,
2041 4424 2092 4472 p.
2120 4407 2231 4471 336.

608 4493 805 4541 Church
824 4508 840 4552 3
877 4492 1042 4542 whilst
1075 4494 1228 4543 Thdt.
1270 4493 1415 4542 offers
1449 4493 1532 4543 the
1567 4494 1762 4543 curious
