3293 5233
604 374 626 418 1
641 359 678 419 8
1259 369 1713 423 THEODORUS
1762 369 2246 425 MOPSUESTEN
2257 370 2346 421 US

2666 355 2783 437 [ΙΙ.
2816 356 3003 434 6-9,

597 542 1036 620 interiacienS,
1066 554 1141 608 ut
1176 545 1339 622 dixi,
1373 545 1461 609 ab
1503 544 1616 609 illo
1663 544 1813 609 loco
1854 566 1989 627 quo
2026 545 2240 609 dixit:
2287 544 2405 608 sed
2427 566 2622 627 neque
2665 545 2854 609 Titus
2892 542 3012 625 qui

599 664 840 709 mecum
882 656 1040 724 erat,
1075 648 1346 730 gentilis
1387 669 1529 711 cum
1571 657 1731 713 esset
1747 670 1778 722 ,·
1822 648 2122 729 sequitur
2150 647 2464 730 deinceps
2494 668 2684 711 suam
2727 665 3006 728 sequen-

600 747 784 823 tiam,
814 748 928 812 illa
959 750 1196 814 docere
1228 772 1608 834 properanS,
1640 771 1813 834 quae
1845 750 1938 814 illi
1969 752 2183 815 fuerat
2213 773 2363 815 cum
2407 752 2727 834 apostolis
2776 752 3006 815 habita

601 855 1015 938 disceptatiO,
1060 855 1331 938 quando
1370 855 1673 919 ascendit
1716 855 2061 918 secundum
2102 855 2567 931 nudationem,
2598 863 2672 918 ut
2716 854 2842 917 illis
2887 875 3003 916 ex-

542 973 571 1036 5
603 965 880 1039 poneret
926 957 1362 1040 euangelium.

1453 956 1894 1021 conueniebat
1953 957 2130 1020 enim
2192 977 2344 1019 eum
2405 959 2806 1039 coniungere
2852 975 3005 1018 cum

602 1080 797 1123 sensu
859 1081 980 1124 suo
1039 1062 1241 1124 etiam
1302 1060 1564 1124 illorum
1613 1062 2035 1138 sententiam,
2090 1070 2163 1124 ut
2216 1061 2283 1124 in
2332 1070 2566 1144 aperto
2620 1064 3008 1131 consisteret

603 1162 889 1247 qualiter
916 1164 1043 1228 sibi
1073 1185 1231 1247 erga
1249 1166 1599 1248 negotium
1631 1184 2025 1228 consensum
2057 1166 2500 1248 praebuerant
2529 1168 2833 1250 apostoli.

734 1311 906 1375 milti
929 1312 1100 1375 enim
1131 1313 1249 1395 qui
1275 1313 1581 1376 uidentur
1606 1334 1737 1376 esse
1764 1314 2027 1396 aliquid
2049 1314 2227 1378 m‘lzil
2248 1317 2662 1381 contulerunt.

691 1439 1054 1508 ‘conferre’
1114 1440 1357 1503 dicitur
1407 1442 1899 1504 communicare
1945 1443 2293 1506 consilium
2339 1464 2540 1526 super
2583 1443 2852 1526 aliquod
2899 1465 3009 1507 ne-

503 1565 580 1610 10
604 1543 902 1625 gotium;
948 1544 1041 1606 sic
1089 1543 1266 1606 enim
1321 1553 1388 1607 et
1441 1564 1563 1609 nos
1609 1546 1677 1607 in
1727 1546 2275 1609 consuetudinem
2325 1546 2621 1611 dicimus,
2711 1546 3012 1609 similiter

605 1656 830 1710 autem
884 1655 952 1709 et
993 1646 1337 1729 apostolus
1381 1646 1770 1711 manifestus
1816 1657 1917 1712 est
1962 1646 2087 1710 hac
2133 1668 2297 1711 uoce
2343 1648 2542 1712 fuisse
2588 1649 2853 1714 abusus,
2943 1651 3008 1712 in

607 1750 1051 1832 superioribus
1098 1750 1274 1813 enim
1322 1749 1533 1814 dixit:
1576 1750 1805 1814 statim
1836 1771 1961 1813 non
2002 1751 2313 1832 adquieui
2344 1753 2534 1816 carni
2577 1762 2638 1815 et
2683 1753 3009 1835 sangnini,

606 1853 732 1917 hoc
764 1864 905 1918 est:
951 1853 1227 1918 ‘nullius
1259 1854 1695 1936 participatus
1726 1874 1874 1916 sum
1906 1855 2216 1918 consilio.’
2283 1864 2349 1918 et
2380 1865 2534 1938 post
2564 1855 2690 1920 hoc
2718 1875 2732 1918 ε
2775 1856 3016 1920 contuli

604 1978 748 2021 cum
807 1957 948 2021 illis
995 1957 1416 2037 evangelium,
1470 1955 1600 2020 hoc
1653 1966 1789 2021 est:
1852 1962 1867 1989 ‘
1895 1958 2331 2040 participatus
2391 1979 2538 2021 sum
2600 1960 2891 2036 consili0,
2945 1966 3012 2022 et

506 2080 572 2142 15
611 2061 1035 2125 manifestum
1084 2061 1206 2124 feci
1257 2060 1385 2122 illis
1431 2061 1542 2141 qui
1598 2069 1700 2123 est
1749 2061 1988 2123 modus
2042 2082 2233 2124 meae
2285 2060 2831 2143 praedicationis!

2918 2061 3012 2125 sic

608 2183 765 2244 ergo
803 2171 869 2226 et
900 2162 1027 2225 hoc
1058 2163 1124 2225 in
1156 2162 1337 2225 loco:
1387 2163 1563 2224 m'lcil
1583 2164 1998 2238 contulerunt,
2033 2161 2161 2226 hoc
2204 2172 2323 2237 est,
2354 2165 2505 2244 ‘ipsi
2547 2165 2818 2246 quidem
2851 2163 3011 2227 mihi

609 2262 767 2329 nihil
806 2265 1204 2341 adiecerunt,
1231 2285 1447 2346 neque
1471 2266 1849 2349 participati
1874 2276 2029 2330 sunt
2062 2267 2223 2329 mihi
2256 2267 2604 2330 consilium
2637 2268 2721 2330 de
2754 2265 3013 2348 aliqu0.'

608 2367 788 2451 quod
830 2377 1056 2434 autem
1101 2369 1407 2431 additum
1452 2377 1587 2432 est:

736 2513 854 2575 scd
874 2534 909 2575 e
935 2513 1257 2576 contrario
1287 2513 1573 2576 uidentes
1601 2515 1907 2595 qnoniam
1939 2514 2251 2576 creditum
2283 2524 2379 2577 est
2406 2515 2577 2578 milti
2604 2514 3011 2596 euangelium

501 2627 584 2673 20
599 2616 942 2696 praeputii,
994 2616 1162 2679 sicut
1217 2626 1279 2679 et
1333 2615 1533 2680 Petro
1590 2616 2095 2680 circumcisionis
2157 2616 2302 2699 (qui
2354 2619 2525 2682 enim
2585 2631 2878 2700 operatus
2927 2632 3019 2683 est

610 2717 808 2780 Petro
856 2718 926 2782 in
976 2719 1399 2800 apostolatum
1460 2719 1979 2797 circumcisionis,
2027 2732 2322 2802 operatus
2372 2733 2466 2785 est
2513 2732 2576 2784 et
2623 2723 2794 2786 milei
2851 2725 3021 2787 inter

598 2821 839 2904 gentes)
865 2844 894 2897 ‚·
946 2833 1009 2886 et
1051 2832 1471 2903 cognoscentes
1506 2825 1809 2904 gratiam
1862 2846 2025 2904 quae
2071 2824 2230 2887 data
2279 2835 2373 2888 est
2424 2824 2604 2899 milei,
2653 2825 2920 2887 Iacobus
2957 2837 3019 2887 et

617 2924 854 3008 cephas
908 2937 970 2989 et
1019 2926 1353 3001 IohanneS,
1407 2948 1518 3008 qni
1570 2927 1963 2990 uidebantur
2010 2929 2342 2992 columnae
2396 2948 2537 3003 esse,
2591 2926 2853 2990 dextras
2909 2927 3012 2988 de-

714 3121 730 3153 1
774 3104 1066 3153 interiacens
1094 3104 1138 3153 C
1156 3104 1221 3152 H
1251 3103 1258 3166 Ι
1286 3104 1419 3167 quod
1444 3103 1545 3151 dixi
1576 3103 1618 3151 C
1637 3103 1707 3151 H

616 3188 658 3236 C
677 3187 739 3236 H
768 3187 1008 3248 [Ro'nsch‚
1037 3202 1147 3247 410,
1179 3202 1303 3248 5²33
1340 3186 1506 3242 Tisch.
1539 3185 1652 3234 Cod.
1683 3185 1875 3233 Amiat.
1903 3186 2027 3249 prol.
2059 3202 2107 3249 p.
2134 3185 2289 3246 xxxi]

612 3327 675 3389 by
710 3326 754 3373 ol
794 3326 1035 3373 δοκοῦντες
1073 3323 1130 3372 of
1167 3340 1215 3371 v.
1247 3322 1291 3373 6.
1369 3323 1437 3372 So
1485 3324 1764 3374 Lansranc:

614 3409 731 3453 “est
767 3405 1079 3454 interiaciens
1118 3404 1430 3464 [interiacens
1465 3403 1560 3463 cd.]
1601 3405 1668 3451 ab
1706 3421 1767 3452 eo

611 3489 723 3535 loco
751 3486 837 3534 ubi
867 3485 1046 3532 dicitur
1075 3484 1158 3531 secl
1183 3500 1330 3547 neque
1361 3486 1501 3533 Titus
1523 3501 1680 3548 usque
1702 3486 1764 3532 ad

611 3569 806 3618 locum:
842 3566 971 3615 mihi
1000 3572 1159 3614 autem
1195 3566 1324 3629 [qui]
1355 3567 1651 3615 uidebantur
1677 3583 1770 3616 esse

612 3648 852 3713 alaeyuidl’

680 3746 724 3792 3.
793 3730 883 3777 illa
913 3729 1071 3777 docere
1086 3737 1248 3792 prop„
1274 3746 1410 3793 qnae,
1445 3729 1555 3790 ἃς]
1610 3732 1768 3778 ταῦτα

615 3814 833 3862 σπεύδων
853 3810 1106 3869 διδάσκειν,
1134 3813 1220 3872 τίς,
1249 3829 1339 3861 κ.τ.
1350 3814 1398 3860 λ.
1441 3814 1515 3861 Or
1537 3812 1626 3862 illa
1654 3829 1767 3875 may

612 3896 675 3945 be
698 3909 762 3944 an
785 3908 919 3943 error
941 3893 1019 3941 sor
1040 3892 1202 3941 illam.

676 3992 723 4041 9.
785 3974 1000 4038 conferre
1012 3974 1195 4022 dicitnr
1208 3990 1378 4022 comm.
1393 3975 1545 4036 consu]
1581 3975 1764 4039 Comp-

611 4060 696 4108 the
718 4073 900 4108 comm.
925 4072 990 4106 on
1014 4059 1068 4105 οὗ
1097 4057 1460 4117 προσανεθέμην
1483 4055 1535 4120 (ἰ.
1566 4055 1642 4118 17)
1668 4058 1766 4106 and

613 4141 849 4200 ἀνεθέμην
883 4139 1041 4187 αὐτοῖς
1078 4137 1148 4200 (ii.
1191 4137 1258 4199 α),
1298 4138 1397 4186 and
1435 4144 1576 4186 notes
1610 4138 1767 4186 there.

614 4224 725 4272 The
760 4222 889 4270 lexx.
928 4223 1041 4283 give
1083 4219 1327 4267 instances
1367 4217 1423 4266 of
1453 4220 1551 4266 this
1592 4235 1677 4268 use
1717 4219 1776 4266 os

614 4302 1054 4364 προσανατίθεσθαι
1083 4301 1134 4350 in
1165 4300 1379 4349 Diodor.
1405 4299 1506 4349 Sic.
1535 4300 1632 4348 and
1670 4300 1767 4347 Lu·

613 4388 738 4432 cian.

684 4464 753 4512 16.
829 4462 1102 4510 mihim'he'l
1121 4461 1420 4522 adiecctwnt]
1479 4460 1679 4522 Chrysa
1709 4460 1769 4506 τὰ

1905 3103 1936 3152 6
1972 3120 2171 3152 assensu
2197 3105 2260 3152 H
2277 3103 2372 3165 [δ’
2392 3104 2433 3165 ?]
2650 3116 2704 3166 17
2741 3105 2804 3153 de
2830 3106 3016 3169 aliquid

2435 3202 2498 3250 23
2531 3186 2641 3236 Ioh.
2670 3193 2718 3235 et
2753 3187 2953 3251 Cephas
2982 3189 3023 3237 C

1864 3326 1956 3380 ἐμὰ
1973 3326 2027 3372 οὐ
2041 3327 2262 3374 καθεῖλον
2280 3327 2386 3374 οὐδὲ
2402 3327 2686 3387 διώρθωσαν,
2705 3331 2766 3376 οὐ
2777 3330 2835 3377 δὲ
2857 3345 2894 3375 π
2901 3345 2962 3387 ρο
2973 3344 3022 3374 σ-

1866 3407 2079 3463 έθηκαν
2127 3407 2187 3454 ὡς
2234 3406 2402 3454 ἐνδεῶς
2447 3408 2643 3467 ἔχουσιν
2679 3409 2855 3457 αὐτοῖς.
2936 3408 3021 3455 He

1865 3487 2006 3541 adds,
2039 3487 2164 3534 τινὲς
2192 3487 2281 3542 μὲν
2307 3486 2456 3544 φασὶν
2491 3488 2633 3533 τοῦτο
2670 3488 2812 3534 αὐτὸν
2841 3487 3021 3547 λέγειν,

1865 3568 1938 3614 ὅτι
1974 3570 2027 3614 οὐ
2059 3568 2200 3623 μόνον
2233 3567 2376 3614 αὐτὸν
2411 3562 2493 3613 οὐκ
2526 3567 2741 3624 ἐδίδαξαν
2776 3569 2908 3614 ἀλλὰ
2944 3571 3022 3615 καὶ

1864 3649 2191 3709 ἐδιδάχθησαν
2230 3645 2339 3706 παρ’
2379 3644 2540 3694 αὑτοῦ·
2598 3647 2698 3705 ἐγὼ
2742 3647 2794 3693 δὲ
2838 3644 2921 3695 οὐκ
2966 3646 3024 3695 ἅν

1867 3733 2045 3787 εἴποιμι
2066 3732 2224 3777 τοῦτο.
2294 3730 2352 3776 In
2381 3729 2464 3776 the
2488 3729 2679 3790 margin
2703 3728 2761 3776 of
2779 3729 3022 3778 Cramer’s

1871 3813 2073 3868 Calena,
2122 3810 2285 3857 where
2331 3808 2428 3855 this
2464 3808 2655 3855 remark
2692 3808 2732 3856 is
2767 3810 3018 3871 repeated,

1866 3893 1951 3941 the
1973 3891 2163 3956 copyist
2187 3891 2277 3939 has
2294 3890 2488 3938 written
2515 3890 2778 3937 αἰνίττεται
2800 3891 3022 3940 Θέοδω-

1864 3991 1961 4035 ρον
1994 3975 2070 4021 καὶ
2108 3973 2394 4032 Σευηριανὸν
2418 3973 2497 4019 καὶ
2522 3973 2770 4031 Εὐσέβιον.
2840 3974 2937 4020 But
2969 3987 3023 4021 as

1865 4056 1940 4104 sar
1974 4070 2028 4102 as
2063 4054 2162 4102 Th.
2197 4053 2239 4100 is
2275 4054 2567 4108 concerned.
2611 4054 2695 4101 the
2730 4053 2865 4116 gloss
2903 4054 3023 4102 does

1867 4142 1953 4184 not
1992 4150 2126 4184 seem
2166 4142 2218 4182 to
2253 4135 2317 4183 be
2356 4134 2512 4182 borne
2555 4142 2640 4182 out
2683 4136 2748 4197 by
2786 4135 2863 4182 his
2891 4150 3022 4183 com-

1867 4225 2108 4279 mentary‚
2137 4216 2301 4265 unless
2326 4218 2410 4265 the
2434 4232 2641 4279 passage
2664 4217 2864 4264 alluded
2895 4222 2949 4263 to
2984 4217 3025 4263 is

1868 4298 1952 4346 the
1988 4298 2264 4360 exposition
2297 4298 2354 4345 of
2380 4314 2425 4345 v.
2456 4310 2480 4358 7
2508 4296 2605 4359 (“e
2630 4297 2876 4345 contrario
2905 4313 3025 4344 uero

1869 4379 1961 4442 ipsi
1987 4378 2291 4434 audientes.''
2318 4379 2425 4432 «ἦα,
2453 4393 2502 4439 p.
2535 4392 2606 4440 19,
2638 4378 2669 4425 l.
2706 4376 2799 4436 15).
