<?xml version="1.0" encoding="UTF-8"?>
<!DOCTYPE html PUBLIC "-//W3C//DTD XHTML 1.0 Transitional//EN"
    "http://www.w3.org/TR/xhtml1/DTD/xhtml1-transitional.dtd">
<html xmlns="http://www.w3.org/1999/xhtml" xml:lang="en" lang="en">
 <head>
  <title>
</title>
<meta http-equiv="Content-Type" content="text/html;charset=utf-8" />
  <meta name='ocr-system' content='tesseract 3.04.00' />
  <meta name='ocr-capabilities' content='ocr_page ocr_carea ocr_par ocr_line ocrx_word'/>
</head>
<body>
  <div class='ocr_page' id='page_1' title='image "./theodoriepiscop00mopsgoog_0370.png"; bbox 0 0 3293 5233; ppageno 0'>
   <div class='ocr_carea' id='block_1_1' title="bbox 577 378 2998 464">
    <p class='ocr_par' dir='ltr' id='par_1_1' title="bbox 577 378 2998 464">
     <span class='ocr_line' id='line_1_1' title="bbox 577 378 2998 464; baseline 0.002 -26"><span class='ocrx_word' id='word_1_1' title='bbox 577 390 702 457; x_wconf 87' lang='lat'><strong>272</strong></span> <span class='ocrx_word' id='word_1_2' title='bbox 1245 393 1700 445; x_wconf 78' lang='lat' dir='ltr'><strong>THEonosz</strong></span> <span class='ocrx_word' id='word_1_3' title='bbox 1748 393 2333 445; x_wconf 81' lang='lat' dir='ltr'>MOPSUESTENUS</span> <span class='ocrx_word' id='word_1_4' title='bbox 2647 378 2727 464; x_wconf 92' lang='grc' dir='ltr'><strong>[Ι.</strong></span> <span class='ocrx_word' id='word_1_5' title='bbox 2769 381 2861 459; x_wconf 90' lang='lat'><strong>16,</strong></span> <span class='ocrx_word' id='word_1_6' title='bbox 2904 396 2998 461; x_wconf 89' lang='lat'><strong>17.</strong></span> 
     </span>
    </p>
   </div>
   <div class='ocr_carea' id='block_1_2' title="bbox 573 560 2996 729">
    <p class='ocr_par' dir='ltr' id='par_1_2' title="bbox 573 560 2996 729">
     <span class='ocr_line' id='line_1_2' title="bbox 573 560 2996 647; baseline 0.002 -23"><span class='ocrx_word' id='word_1_7' title='bbox 573 562 659 625; x_wconf 90' lang='lat' dir='ltr'><strong>de</strong></span> <span class='ocrx_word' id='word_1_8' title='bbox 690 560 960 628; x_wconf 89' lang='lat' dir='ltr'><strong>homine</strong></span> <span class='ocrx_word' id='word_1_9' title='bbox 991 564 1191 640; x_wconf 87' lang='lat' dir='ltr'><strong>dicto,</strong></span> <span class='ocrx_word' id='word_1_10' title='bbox 1221 565 1401 647; x_wconf 89' lang='lat' dir='ltr'><strong>quod</strong></span> <span class='ocrx_word' id='word_1_11' title='bbox 1435 566 1503 628; x_wconf 90' lang='lat' dir='ltr'><strong>in</strong></span> <span class='ocrx_word' id='word_1_12' title='bbox 1535 586 1617 629; x_wconf 88' lang='lat' dir='ltr'><strong>eo</strong></span> <span class='ocrx_word' id='word_1_13' title='bbox 1659 566 1792 629; x_wconf 88' lang='lat' dir='ltr'><strong>sint</strong></span> <span class='ocrx_word' id='word_1_14' title='bbox 1832 574 2056 629; x_wconf 86' lang='lat' dir='ltr'><strong>creata</strong></span> <span class='ocrx_word' id='word_1_15' title='bbox 2101 565 2347 646; x_wconf 89' lang='lat' dir='ltr'><strong>omnia,</strong></span> <span class='ocrx_word' id='word_1_16' title='bbox 2388 563 2790 630; x_wconf 86' lang='lat' dir='ltr'><strong>confirmans</strong></span> <span class='ocrx_word' id='word_1_17' title='bbox 2835 564 2996 630; x_wconf 89' lang='lat' dir='ltr'><strong>illud</strong></span> 
     </span>
     <span class='ocr_line' id='line_1_3' title="bbox 574 663 858 729; baseline 0.014 -4"><span class='ocrx_word' id='word_1_18' title='bbox 574 663 858 729; x_wconf 84' lang='lat' dir='ltr'><strong>adiecit:</strong></span> 
     </span>
    </p>
   </div>
   <div class='ocr_carea' id='block_1_3' title="bbox 702 801 2098 888">
    <p class='ocr_par' dir='ltr' id='par_1_3' title="bbox 702 801 2098 888">
     <span class='ocr_line' id='line_1_4' title="bbox 702 801 2098 888; baseline 0.004 -24"><span class='ocrx_word' id='word_1_19' title='bbox 702 801 924 865; x_wconf 85' lang='lat' dir='ltr'><strong>omnia</strong></span> <span class='ocrx_word' id='word_1_20' title='bbox 937 812 1064 884; x_wconf 83' lang='lat' dir='ltr'><strong>per</strong></span> <span class='ocrx_word' id='word_1_21' title='bbox 1094 802 1301 886; x_wconf 80' lang='lat' dir='ltr'><strong>ipsum</strong></span> <span class='ocrx_word' id='word_1_22' title='bbox 1330 814 1393 867; x_wconf 86' lang='lat' dir='ltr'><strong>et</strong></span> <span class='ocrx_word' id='word_1_23' title='bbox 1421 804 1492 867; x_wconf 81' lang='lat' dir='ltr'><strong>in</strong></span> <span class='ocrx_word' id='word_1_24' title='bbox 1524 804 1657 888; x_wconf 83' lang='lat' dir='ltr'><strong>ipso</strong></span> <span class='ocrx_word' id='word_1_25' title='bbox 1683 815 1899 869; x_wconf 81' lang='lat' dir='ltr'><strong>creata</strong></span> <span class='ocrx_word' id='word_1_26' title='bbox 1925 816 2098 870; x_wconf 86' lang='lat' dir='ltr'><strong>sunt.</strong></span> 
     </span>
    </p>
   </div>
   <div class='ocr_carea' id='block_1_4' title="bbox 508 936 2996 1330">
    <p class='ocr_par' dir='ltr' id='par_1_4' title="bbox 703 936 2993 1023">
     <span class='ocr_line' id='line_1_5' title="bbox 703 936 2993 1023; baseline 0.003 -25"><span class='ocrx_word' id='word_1_27' title='bbox 703 936 936 1000; x_wconf 76' lang='lat' dir='ltr'><strong>‘nolite</strong></span> <span class='ocrx_word' id='word_1_28' title='bbox 960 939 1179 1002; x_wconf 87' lang='lat' dir='ltr'><strong>mirari</strong></span> <span class='ocrx_word' id='word_1_29' title='bbox 1208 937 1508 1022; x_wconf 87' lang='lat' dir='ltr'><strong>(inquit);</strong></span> <span class='ocrx_word' id='word_1_30' title='bbox 1542 960 1677 1002; x_wconf 90' lang='lat' dir='ltr'><strong>non</strong></span> <span class='ocrx_word' id='word_1_31' title='bbox 1703 939 1878 1002; x_wconf 91' lang='lat' dir='ltr'><strong>enim</strong></span> <span class='ocrx_word' id='word_1_32' title='bbox 1914 960 2003 1002; x_wconf 87' lang='lat' dir='ltr'><strong>ex</strong></span> <span class='ocrx_word' id='word_1_33' title='bbox 2035 960 2107 1003; x_wconf 89' lang='lat' dir='ltr'><strong>se</strong></span> <span class='ocrx_word' id='word_1_34' title='bbox 2138 939 2232 1003; x_wconf 89' lang='lat' dir='ltr'><strong>illi</strong></span> <span class='ocrx_word' id='word_1_35' title='bbox 2264 948 2365 1002; x_wconf 90' lang='lat' dir='ltr'><strong>est</strong></span> <span class='ocrx_word' id='word_1_36' title='bbox 2390 939 2520 1004; x_wconf 88' lang='lat' dir='ltr'><strong>ista</strong></span> <span class='ocrx_word' id='word_1_37' title='bbox 2543 939 2855 1023; x_wconf 82' lang='lat' dir='ltr'><strong>dignitaS,</strong></span> <span class='ocrx_word' id='word_1_38' title='bbox 2876 940 2993 1004; x_wconf 91' lang='lat' dir='ltr'><strong>sed</strong></span> 
     </span>
    </p>

    <p class='ocr_par' dir='ltr' id='par_1_5' title="bbox 508 1041 2995 1125">
     <span class='ocr_line' id='line_1_6' title="bbox 508 1041 2995 1125; baseline 0.003 -24"><span class='ocrx_word' id='word_1_39' title='bbox 508 1049 539 1117; x_wconf 83' lang='lat'><strong>5</strong></span> <span class='ocrx_word' id='word_1_40' title='bbox 574 1048 846 1122; x_wconf 89' lang='lat' dir='ltr'><strong>propter</strong></span> <span class='ocrx_word' id='word_1_41' title='bbox 889 1041 1374 1107; x_wconf 85' lang='lat' dir='ltr'><strong>inhabitantem</strong></span> <span class='ocrx_word' id='word_1_42' title='bbox 1422 1053 1745 1120; x_wconf 87' lang='lat' dir='ltr'><strong>naturam,</strong></span> <span class='ocrx_word' id='word_1_43' title='bbox 1793 1062 1911 1124; x_wconf 93' lang='lat' dir='ltr'><strong>per</strong></span> <span class='ocrx_word' id='word_1_44' title='bbox 1954 1064 2156 1125; x_wconf 88' lang='lat' dir='ltr'><strong>quam</strong></span> <span class='ocrx_word' id='word_1_45' title='bbox 2203 1044 2431 1106; x_wconf 88' lang='lat' dir='ltr'><strong>omnia</strong></span> <span class='ocrx_word' id='word_1_46' title='bbox 2476 1042 2651 1106; x_wconf 83' lang='lat' dir='ltr'><strong>facta</strong></span> <span class='ocrx_word' id='word_1_47' title='bbox 2698 1054 2870 1120; x_wconf 90' lang='lat' dir='ltr'><strong>sunt,</strong></span> <span class='ocrx_word' id='word_1_48' title='bbox 2907 1046 2995 1109; x_wconf 92' lang='lat' dir='ltr'><strong>ad</strong></span> 
     </span>
    </p>

    <p class='ocr_par' dir='ltr' id='par_1_6' title="bbox 571 1143 2996 1330">
     <span class='ocr_line' id='line_1_7' title="bbox 572 1143 2996 1227; baseline 0.002 -24"><span class='ocrx_word' id='word_1_49' title='bbox 572 1160 776 1223; x_wconf 90' lang='lat' dir='ltr'><strong>quam</strong></span> <span class='ocrx_word' id='word_1_50' title='bbox 807 1143 1011 1206; x_wconf 90' lang='lat' dir='ltr'><strong>etiam</strong></span> <span class='ocrx_word' id='word_1_51' title='bbox 1043 1146 1270 1208; x_wconf 88' lang='lat' dir='ltr'><strong>omnia</strong></span> <span class='ocrx_word' id='word_1_52' title='bbox 1307 1146 1668 1226; x_wconf 88' lang='lat' dir='ltr'><strong>respiciunt</strong></span> <span class='ocrx_word' id='word_1_53' title='bbox 1705 1165 2139 1227; x_wconf 90' lang='lat' dir='ltr'><strong>quaecunque</strong></span> <span class='ocrx_word' id='word_1_54' title='bbox 2176 1143 2353 1208; x_wconf 83' lang='lat' dir='ltr'><strong>facta</strong></span> <span class='ocrx_word' id='word_1_55' title='bbox 2393 1154 2566 1221; x_wconf 82' lang='lat' dir='ltr'><strong>sunt,</strong></span> <span class='ocrx_word' id='word_1_56' title='bbox 2597 1165 2791 1208; x_wconf 88' lang='lat' dir='ltr'><strong>suum</strong></span> <span class='ocrx_word' id='word_1_57' title='bbox 2834 1166 2996 1209; x_wconf 89' lang='lat' dir='ltr'><strong>eun-</strong></span> 
     </span>
     <span class='ocr_line' id='line_1_8' title="bbox 571 1242 2819 1330; baseline 0.002 -25"><span class='ocrx_word' id='word_1_58' title='bbox 571 1244 727 1306; x_wconf 95' lang='lat' dir='ltr'><strong>dem</strong></span> <span class='ocrx_word' id='word_1_59' title='bbox 760 1242 1106 1309; x_wconf 89' lang='lat' dir='ltr'><strong>dominum</strong></span> <span class='ocrx_word' id='word_1_60' title='bbox 1139 1266 1282 1309; x_wconf 88' lang='lat' dir='ltr'><strong>esse</strong></span> <span class='ocrx_word' id='word_1_61' title='bbox 1313 1246 1811 1311; x_wconf 67' lang='lat' dir='ltr'><strong>existimantes!</strong></span> <span class='ocrx_word' id='word_1_62' title='bbox 1915 1257 1984 1310; x_wconf 90' lang='lat' dir='ltr'><strong>et</strong></span> <span class='ocrx_word' id='word_1_63' title='bbox 2013 1246 2301 1330; x_wconf 87' lang='lat' dir='ltr'><strong>amplius</strong></span> <span class='ocrx_word' id='word_1_64' title='bbox 2333 1245 2497 1310; x_wconf 89' lang='lat' dir='ltr'><strong>illud</strong></span> <span class='ocrx_word' id='word_1_65' title='bbox 2528 1266 2819 1329; x_wconf 86' lang='lat' dir='ltr'><strong>augens:</strong></span> 
     </span>
    </p>
   </div>
   <div class='ocr_carea' id='block_1_5' title="bbox 700 1393 2470 1477">
    <p class='ocr_par' dir='ltr' id='par_1_7' title="bbox 700 1393 2470 1477">
     <span class='ocr_line' id='line_1_9' title="bbox 700 1393 2470 1477; baseline 0.002 -22"><span class='ocrx_word' id='word_1_66' title='bbox 700 1402 764 1455; x_wconf 84' lang='lat' dir='ltr'><strong>et</strong></span> <span class='ocrx_word' id='word_1_67' title='bbox 793 1393 920 1476; x_wconf 67' lang='lat' dir='ltr'><strong>zpse</strong></span> <span class='ocrx_word' id='word_1_68' title='bbox 945 1404 1042 1458; x_wconf 82' lang='lat' dir='ltr'><strong>est</strong></span> <span class='ocrx_word' id='word_1_69' title='bbox 1066 1405 1216 1458; x_wconf 81' lang='lat' dir='ltr'><strong>ante</strong></span> <span class='ocrx_word' id='word_1_70' title='bbox 1243 1417 1471 1472; x_wconf 84' lang='lat' dir='ltr'><strong>omnes,</strong></span> <span class='ocrx_word' id='word_1_71' title='bbox 1501 1406 1565 1460; x_wconf 82' lang='lat' dir='ltr'><strong>et</strong></span> <span class='ocrx_word' id='word_1_72' title='bbox 1588 1395 1810 1459; x_wconf 83' lang='lat' dir='ltr'><strong>omnia</strong></span> <span class='ocrx_word' id='word_1_73' title='bbox 1842 1394 1912 1457; x_wconf 81' lang='lat' dir='ltr'><strong>in</strong></span> <span class='ocrx_word' id='word_1_74' title='bbox 1945 1393 2076 1477; x_wconf 62' lang='lat' dir='ltr'><strong>{pso</strong></span> <span class='ocrx_word' id='word_1_75' title='bbox 2103 1393 2470 1458; x_wconf 82' lang='lat' dir='ltr'><strong>consistunt.</strong></span> 
     </span>
    </p>
   </div>
   <div class='ocr_carea' id='block_1_6' title="bbox 467 1527 2998 2652">
    <p class='ocr_par' dir='ltr' id='par_1_8' title="bbox 702 1527 2994 1616">
     <span class='ocr_line' id='line_1_10' title="bbox 702 1527 2994 1616; baseline 0.002 -25"><span class='ocrx_word' id='word_1_76' title='bbox 702 1536 776 1591; x_wconf 92' lang='lat' dir='ltr'><strong>ut</strong></span> <span class='ocrx_word' id='word_1_77' title='bbox 808 1527 1025 1593; x_wconf 87' lang='lat' dir='ltr'><strong>dicat:</strong></span> <span class='ocrx_word' id='word_1_78' title='bbox 1058 1531 1239 1614; x_wconf 91' lang='lat' dir='ltr'><strong>‘ipse</strong></span> <span class='ocrx_word' id='word_1_79' title='bbox 1269 1540 1425 1594; x_wconf 89' lang='lat' dir='ltr'><strong>ante</strong></span> <span class='ocrx_word' id='word_1_80' title='bbox 1455 1550 1688 1594; x_wconf 90' lang='lat' dir='ltr'><strong>omnes</strong></span> <span class='ocrx_word' id='word_1_81' title='bbox 1720 1542 1963 1596; x_wconf 83' lang='lat' dir='ltr'><strong>extans</strong></span> <span class='ocrx_word' id='word_1_82' title='bbox 1995 1533 2223 1596; x_wconf 89' lang='lat' dir='ltr'><strong>omnia</strong></span> <span class='ocrx_word' id='word_1_83' title='bbox 2268 1532 2607 1616; x_wconf 88' lang='lat' dir='ltr'><strong>produxit,</strong></span> <span class='ocrx_word' id='word_1_84' title='bbox 2639 1544 2708 1598; x_wconf 90' lang='lat' dir='ltr'><strong>et</strong></span> <span class='ocrx_word' id='word_1_85' title='bbox 2740 1535 2807 1597; x_wconf 88' lang='lat' dir='ltr'><strong>in</strong></span> <span class='ocrx_word' id='word_1_86' title='bbox 2850 1535 2994 1598; x_wconf 91' lang='lat' dir='ltr'><strong>eius</strong></span> 
     </span>
    </p>

    <p class='ocr_par' dir='ltr' id='par_1_9' title="bbox 467 1628 2998 2652">
     <span class='ocr_line' id='line_1_11' title="bbox 468 1628 2990 1720; baseline 0.004 -31"><span class='ocrx_word' id='word_1_87' title='bbox 468 1643 547 1720; x_wconf 85' lang='lat'><strong>¹0.</strong></span> <span class='ocrx_word' id='word_1_88' title='bbox 572 1628 815 1694; x_wconf 89' lang='lat' dir='ltr'><strong>uirtute</strong></span> <span class='ocrx_word' id='word_1_89' title='bbox 867 1633 1095 1696; x_wconf 90' lang='lat' dir='ltr'><strong>omnia</strong></span> <span class='ocrx_word' id='word_1_90' title='bbox 1142 1642 1218 1696; x_wconf 89' lang='lat' dir='ltr'><strong>ut</strong></span> <span class='ocrx_word' id='word_1_91' title='bbox 1268 1635 1637 1699; x_wconf 87' lang='lat' dir='ltr'><strong>consistant</strong></span> <span class='ocrx_word' id='word_1_92' title='bbox 1683 1635 1927 1700; x_wconf 87' lang='lat' dir='ltr'><strong>habere</strong></span> <span class='ocrx_word' id='word_1_93' title='bbox 1980 1635 2323 1700; x_wconf 89' lang='lat' dir='ltr'><strong>uidentur.’</strong></span> <span class='ocrx_word' id='word_1_94' title='bbox 2420 1657 2556 1699; x_wconf 91' lang='lat' dir='ltr'><strong>non</strong></span> <span class='ocrx_word' id='word_1_95' title='bbox 2608 1646 2712 1700; x_wconf 91' lang='lat' dir='ltr'><strong>est</strong></span> <span class='ocrx_word' id='word_1_96' title='bbox 2762 1647 2990 1700; x_wconf 91' lang='lat' dir='ltr'><strong>autem</strong></span> 
     </span>
     <span class='ocr_line' id='line_1_12' title="bbox 571 1732 2991 1823; baseline 0.004 -28"><span class='ocrx_word' id='word_1_97' title='bbox 571 1732 1054 1815; x_wconf 72' lang='lat' dir='ltr'><strong>demirandam,</strong></span> <span class='ocrx_word' id='word_1_98' title='bbox 1087 1739 1141 1800; x_wconf 89' lang='lat' dir='ltr'><strong>si</strong></span> <span class='ocrx_word' id='word_1_99' title='bbox 1173 1740 1362 1820; x_wconf 86' lang='lat' dir='ltr'><strong>quasi</strong></span> <span class='ocrx_word' id='word_1_100' title='bbox 1393 1740 1479 1802; x_wconf 91' lang='lat' dir='ltr'><strong>de</strong></span> <span class='ocrx_word' id='word_1_101' title='bbox 1507 1739 1780 1803; x_wconf 89' lang='lat' dir='ltr'><strong>homine</strong></span> <span class='ocrx_word' id='word_1_102' title='bbox 1809 1741 2162 1823; x_wconf 88' lang='lat' dir='ltr'><strong>disputans</strong></span> <span class='ocrx_word' id='word_1_103' title='bbox 2203 1742 2290 1804; x_wconf 94' lang='lat' dir='ltr'><strong>ab</strong></span> <span class='ocrx_word' id='word_1_104' title='bbox 2320 1739 2632 1805; x_wconf 86' lang='lat' dir='ltr'><strong>humanis</strong></span> <span class='ocrx_word' id='word_1_105' title='bbox 2665 1742 2861 1805; x_wconf 92' lang='lat' dir='ltr'><strong>rebus</strong></span> <span class='ocrx_word' id='word_1_106' title='bbox 2902 1741 2991 1804; x_wconf 92' lang='lat' dir='ltr'><strong>ad</strong></span> 
     </span>
     <span class='ocr_line' id='line_1_13' title="bbox 572 1835 2993 1928; baseline 0.004 -30"><span class='ocrx_word' id='word_1_107' title='bbox 572 1835 946 1903; x_wconf 90' lang='lat' dir='ltr'><strong>doctrinam</strong></span> <span class='ocrx_word' id='word_1_108' title='bbox 977 1840 1246 1905; x_wconf 88' lang='lat' dir='ltr'><strong>deitatis</strong></span> <span class='ocrx_word' id='word_1_109' title='bbox 1286 1843 1609 1907; x_wconf 90' lang='lat' dir='ltr'><strong>transiuit.</strong></span> <span class='ocrx_word' id='word_1_110' title='bbox 1698 1843 1826 1907; x_wconf 94' lang='lat' dir='ltr'><strong>hoc</strong></span> <span class='ocrx_word' id='word_1_111' title='bbox 1857 1846 2034 1908; x_wconf 77' lang='lat' dir='ltr'><strong>enIm</strong></span> <span class='ocrx_word' id='word_1_112' title='bbox 2068 1845 2483 1909; x_wconf 87' lang='lat' dir='ltr'><strong>ostendimus</strong></span> <span class='ocrx_word' id='word_1_113' title='bbox 2524 1844 2757 1908; x_wconf 87' lang='lat' dir='ltr'><strong>fecisse</strong></span> <span class='ocrx_word' id='word_1_114' title='bbox 2796 1865 2993 1928; x_wconf 91' lang='lat' dir='ltr'><strong>apos-</strong></span> 
     </span>
     <span class='ocr_line' id='line_1_14' title="bbox 570 1941 2998 2031; baseline 0.003 -27"><span class='ocrx_word' id='word_1_115' title='bbox 570 1941 781 2006; x_wconf 92' lang='lat' dir='ltr'><strong>tolum</strong></span> <span class='ocrx_word' id='word_1_116' title='bbox 825 1954 893 2007; x_wconf 91' lang='lat' dir='ltr'><strong>et</strong></span> <span class='ocrx_word' id='word_1_117' title='bbox 937 1944 1468 2028; x_wconf 87' lang='lat' dir='ltr'><strong>Philippensibus</strong></span> <span class='ocrx_word' id='word_1_118' title='bbox 1508 1946 1923 2024; x_wconf 88' lang='lat' dir='ltr'><strong>scribentem,</strong></span> <span class='ocrx_word' id='word_1_119' title='bbox 1957 1948 2068 2011; x_wconf 90' lang='lat' dir='ltr'><strong>ubi</strong></span> <span class='ocrx_word' id='word_1_120' title='bbox 2115 1949 2278 2012; x_wconf 90' lang='lat' dir='ltr'><strong>dicit</strong></span> <span class='ocrx_word' id='word_1_121' title='bbox 2320 1947 2439 2031; x_wconf 87' lang='lat' dir='ltr'><strong>qui</strong></span> <span class='ocrx_word' id='word_1_122' title='bbox 2481 1948 2550 2011; x_wconf 86' lang='lat' dir='ltr'><strong>in</strong></span> <span class='ocrx_word' id='word_1_123' title='bbox 2579 1949 2818 2031; x_wconf 85' lang='lat' dir='ltr'><strong>forma</strong></span> <span class='ocrx_word' id='word_1_124' title='bbox 2859 1948 2998 2012; x_wconf 82' lang='lat' dir='ltr'><strong>Dei</strong></span> 
     </span>
     <span class='ocr_line' id='line_1_15' title="bbox 567 2048 2984 2132; baseline 0.003 -27"><span class='ocrx_word' id='word_1_125' title='bbox 567 2054 794 2106; x_wconf 75' lang='lat' dir='ltr'><strong>extans</strong></span> <span class='ocrx_word' id='word_1_126' title='bbox 823 2055 891 2110; x_wconf 91' lang='lat' dir='ltr'><strong>et</strong></span> <span class='ocrx_word' id='word_1_127' title='bbox 921 2057 1180 2124; x_wconf 81' lang='lat' dir='ltr'><strong>cetera3</strong></span> <span class='ocrx_word' id='word_1_128' title='bbox 1227 2048 1569 2111; x_wconf 89' lang='lat' dir='ltr'><strong>euidenter</strong></span> <span class='ocrx_word' id='word_1_129' title='bbox 1606 2049 1697 2111; x_wconf 91' lang='lat' dir='ltr'><strong>ibi</strong></span> <span class='ocrx_word' id='word_1_130' title='bbox 1732 2049 2076 2132; x_wconf 89' lang='lat' dir='ltr'><strong>apostolus</strong></span> <span class='ocrx_word' id='word_1_131' title='bbox 2117 2072 2157 2113; x_wconf 92' lang='lat' dir='ltr'><strong>a</strong></span> <span class='ocrx_word' id='word_1_132' title='bbox 2202 2051 2447 2113; x_wconf 90' lang='lat' dir='ltr'><strong>diuinis</strong></span> <span class='ocrx_word' id='word_1_133' title='bbox 2492 2049 2577 2112; x_wconf 89' lang='lat' dir='ltr'><strong>ad</strong></span> <span class='ocrx_word' id='word_1_134' title='bbox 2623 2049 2984 2113; x_wconf 88' lang='lat' dir='ltr'><strong>humanam</strong></span> 
     </span>
     <span class='ocr_line' id='line_1_16' title="bbox 467 2152 2985 2236; baseline 0.001 -23"><span class='ocrx_word' id='word_1_135' title='bbox 467 2156 536 2223; x_wconf 82' lang='lat'><strong>15</strong></span> <span class='ocrx_word' id='word_1_136' title='bbox 570 2152 893 2226; x_wconf 81' lang='lat' dir='ltr'><strong>transiuit,</strong></span> <span class='ocrx_word' id='word_1_137' title='bbox 928 2160 997 2215; x_wconf 92' lang='lat' dir='ltr'><strong>et</strong></span> <span class='ocrx_word' id='word_1_138' title='bbox 1025 2152 1294 2234; x_wconf 90' lang='lat' dir='ltr'><strong>quidem</strong></span> <span class='ocrx_word' id='word_1_139' title='bbox 1327 2153 1515 2235; x_wconf 89' lang='lat' dir='ltr'><strong>quasi</strong></span> <span class='ocrx_word' id='word_1_140' title='bbox 1547 2152 1631 2215; x_wconf 91' lang='lat' dir='ltr'><strong>de</strong></span> <span class='ocrx_word' id='word_1_141' title='bbox 1674 2173 1808 2215; x_wconf 91' lang='lat' dir='ltr'><strong>uno</strong></span> <span class='ocrx_word' id='word_1_142' title='bbox 1849 2154 2219 2236; x_wconf 89' lang='lat' dir='ltr'><strong>eodemque</strong></span> <span class='ocrx_word' id='word_1_143' title='bbox 2263 2154 2491 2216; x_wconf 88' lang='lat' dir='ltr'><strong>omnia</strong></span> <span class='ocrx_word' id='word_1_144' title='bbox 2534 2153 2779 2217; x_wconf 85' lang='lat' dir='ltr'><strong>dicens.</strong></span> <span class='ocrx_word' id='word_1_145' title='bbox 2868 2154 2985 2216; x_wconf 89' lang='lat' dir='ltr'><strong>sed</strong></span> 
     </span>
     <span class='ocr_line' id='line_1_17' title="bbox 570 2255 2993 2339; baseline 0.001 -22"><span class='ocrx_word' id='word_1_146' title='bbox 570 2255 657 2318; x_wconf 94' lang='lat' dir='ltr'><strong>ad</strong></span> <span class='ocrx_word' id='word_1_147' title='bbox 699 2255 1045 2317; x_wconf 86' lang='lat' dir='ltr'><strong>Hebraeos</strong></span> <span class='ocrx_word' id='word_1_148' title='bbox 1078 2256 1309 2318; x_wconf 88' lang='lat' dir='ltr'><strong>itidem</strong></span> <span class='ocrx_word' id='word_1_149' title='bbox 1341 2257 1605 2319; x_wconf 89' lang='lat' dir='ltr'><strong>dicens:</strong></span> <span class='ocrx_word' id='word_1_150' title='bbox 1650 2255 1891 2319; x_wconf 86' lang='lat' dir='ltr'><strong>locutus</strong></span> <span class='ocrx_word' id='word_1_151' title='bbox 1918 2267 2015 2321; x_wconf 80' lang='lat' dir='ltr'><strong>est</strong></span> <span class='ocrx_word' id='word_1_152' title='bbox 2041 2257 2221 2321; x_wconf 83' lang='lat' dir='ltr'><strong>nobis</strong></span> <span class='ocrx_word' id='word_1_153' title='bbox 2252 2257 2320 2320; x_wconf 66' lang='lat' dir='ltr'><strong>in</strong></span> <span class='ocrx_word' id='word_1_154' title='bbox 2349 2256 2515 2339; x_wconf 81' lang='lat' dir='ltr'><strong>filio</strong></span> <span class='ocrx_word' id='word_1_155' title='bbox 2554 2277 2738 2337; x_wconf 83' lang='lat' dir='ltr'><strong>quem</strong></span> <span class='ocrx_word' id='word_1_156' title='bbox 2768 2257 2993 2339; x_wconf 83' lang='lat' dir='ltr'><strong>posuit</strong></span> 
     </span>
     <span class='ocr_line' id='line_1_18' title="bbox 568 2359 2989 2442; baseline 0 -18"><span class='ocrx_word' id='word_1_157' title='bbox 568 2360 855 2424; x_wconf 77' lang='lat' dir='ltr'><strong>heredem</strong></span> <span class='ocrx_word' id='word_1_158' title='bbox 885 2359 1190 2437; x_wconf 85' lang='lat' dir='ltr'><strong>omnium,</strong></span> <span class='ocrx_word' id='word_1_159' title='bbox 1224 2360 1567 2424; x_wconf 90' lang='lat' dir='ltr'><strong>euidenter</strong></span> <span class='ocrx_word' id='word_1_160' title='bbox 1597 2360 1682 2423; x_wconf 91' lang='lat' dir='ltr'><strong>de</strong></span> <span class='ocrx_word' id='word_1_161' title='bbox 1728 2359 2002 2423; x_wconf 93' lang='lat' dir='ltr'><strong>homine</strong></span> <span class='ocrx_word' id='word_1_162' title='bbox 2041 2360 2108 2423; x_wconf 91' lang='lat' dir='ltr'><strong>id</strong></span> <span class='ocrx_word' id='word_1_163' title='bbox 2152 2360 2397 2435; x_wconf 88' lang='lat' dir='ltr'><strong>dicens,</strong></span> <span class='ocrx_word' id='word_1_164' title='bbox 2430 2360 2616 2422; x_wconf 90' lang='lat' dir='ltr'><strong>cuius</strong></span> <span class='ocrx_word' id='word_1_165' title='bbox 2653 2369 2718 2422; x_wconf 90' lang='lat' dir='ltr'><strong>et</strong></span> <span class='ocrx_word' id='word_1_166' title='bbox 2761 2359 2989 2442; x_wconf 89' lang='lat' dir='ltr'><strong>loque-</strong></span> 
     </span>
     <span class='ocr_line' id='line_1_19' title="bbox 568 2463 2985 2547; baseline -0.001 -20"><span class='ocrx_word' id='word_1_167' title='bbox 568 2463 702 2527; x_wconf 91' lang='lat' dir='ltr'><strong>lam</strong></span> <span class='ocrx_word' id='word_1_168' title='bbox 752 2465 1144 2540; x_wconf 81' lang='lat' dir='ltr'><strong>audiuimuS,</strong></span> <span class='ocrx_word' id='word_1_169' title='bbox 1195 2464 1307 2547; x_wconf 88' lang='lat' dir='ltr'><strong>qui</strong></span> <span class='ocrx_word' id='word_1_170' title='bbox 1361 2465 1653 2546; x_wconf 88' lang='lat' dir='ltr'><strong>suscepit</strong></span> <span class='ocrx_word' id='word_1_171' title='bbox 1700 2483 1928 2527; x_wconf 89' lang='lat' dir='ltr'><strong>eorum</strong></span> <span class='ocrx_word' id='word_1_172' title='bbox 1981 2485 2152 2547; x_wconf 87' lang='lat' dir='ltr'><strong>quae</strong></span> <span class='ocrx_word' id='word_1_173' title='bbox 2200 2473 2389 2527; x_wconf 90' lang='lat' dir='ltr'><strong>erant</strong></span> <span class='ocrx_word' id='word_1_174' title='bbox 2437 2463 2985 2538; x_wconf 87' lang='lat' dir='ltr'><strong>dominationem,</strong></span> 
     </span>
     <span class='ocr_line' id='line_1_20' title="bbox 568 2553 2986 2652; baseline -0.002 -20"><span class='ocrx_word' id='word_1_175' title='bbox 568 2587 771 2652; x_wconf 89' lang='lat' dir='ltr'><strong>quam</strong></span> <span class='ocrx_word' id='word_1_176' title='bbox 825 2576 982 2630; x_wconf 89' lang='lat' dir='ltr'><strong>ante</strong></span> <span class='ocrx_word' id='word_1_177' title='bbox 1028 2587 1162 2630; x_wconf 94' lang='lat' dir='ltr'><strong>non</strong></span> <span class='ocrx_word' id='word_1_178' title='bbox 1207 2565 1515 2631; x_wconf 88' lang='lat' dir='ltr'><strong>habebat.</strong></span> <span class='ocrx_word' id='word_1_179' title='bbox 1605 2566 1869 2631; x_wconf 88' lang='lat' dir='ltr'><strong>transiit</strong></span> <span class='ocrx_word' id='word_1_180' title='bbox 1919 2587 2077 2632; x_wconf 89' lang='lat' dir='ltr'><strong>uero</strong></span> <span class='ocrx_word' id='word_1_181' title='bbox 2131 2566 2215 2630; x_wconf 88' lang='lat' dir='ltr'><strong>ad</strong></span> <span class='ocrx_word' id='word_1_182' title='bbox 2270 2566 2569 2630; x_wconf 77' lang='lat' dir='ltr'><strong>diuInam</strong></span> <span class='ocrx_word' id='word_1_183' title='bbox 2618 2572 2692 2628; x_wconf 90' lang='lat' dir='ltr'><strong>ut</strong></span> <span class='ocrx_word' id='word_1_184' title='bbox 2739 2553 2986 2628; x_wconf 81' lang='lat' dir='ltr'><strong>exinde</strong></span> 
     </span>
    </p>
   </div>
   <div class='ocr_carea' id='block_1_7' title="bbox 1199 2716 1815 2849">
    <p class='ocr_par' dir='ltr' id='par_1_10' title="bbox 1199 2716 1815 2849">
     <span class='ocr_line' id='line_1_21' title="bbox 1380 2716 1719 2766; baseline -0.006 0"><span class='ocrx_word' id='word_1_185' title='bbox 1380 2732 1407 2766; x_wconf 74' lang='grc' dir='ltr'><strong><em>α</em></strong></span> <span class='ocrx_word' id='word_1_186' title='bbox 1443 2717 1595 2766; x_wconf 80' lang='lat' dir='ltr'><strong>adicit</strong></span> <span class='ocrx_word' id='word_1_187' title='bbox 1624 2716 1668 2765; x_wconf 85' lang='lat' dir='ltr'><em>C</em></span> <span class='ocrx_word' id='word_1_188' title='bbox 1687 2732 1719 2764; x_wconf 85' lang='lat' dir='ltr'><em>r</em></span> 
     </span>
     <span class='ocr_line' id='line_1_22' title="bbox 1199 2799 1815 2849; baseline -0.002 -1"><span class='ocrx_word' id='word_1_189' title='bbox 1199 2814 1254 2849; x_wconf 67' lang='grc' dir='ltr'><strong>ια</strong></span> <span class='ocrx_word' id='word_1_190' title='bbox 1288 2799 1610 2849; x_wconf 85' lang='lat' dir='ltr'><strong>ostendemus</strong></span> <span class='ocrx_word' id='word_1_191' title='bbox 1639 2799 1684 2848; x_wconf 87' lang='lat' dir='ltr'><em>C</em></span> <span class='ocrx_word' id='word_1_192' title='bbox 1701 2799 1768 2848; x_wconf 87' lang='lat' dir='ltr'><em>H</em></span> <span class='ocrx_word' id='word_1_193' title='bbox 1783 2814 1815 2846; x_wconf 82' lang='lat' dir='ltr'><strong>r</strong></span> 
     </span>
    </p>
   </div>
   <div class='ocr_carea' id='block_1_8' title="bbox 1981 2712 2992 2779">
    <p class='ocr_par' dir='ltr' id='par_1_11' title="bbox 1981 2712 2992 2779">
     <span class='ocr_line' id='line_1_23' title="bbox 1981 2712 2992 2779; baseline -0.001 -16"><span class='ocrx_word' id='word_1_194' title='bbox 1981 2733 2008 2776; x_wconf 77' lang='lat'><strong>⁴</strong></span> <span class='ocrx_word' id='word_1_195' title='bbox 2045 2714 2223 2764; x_wconf 83' lang='lat' dir='ltr'><strong>mirare</strong></span> <span class='ocrx_word' id='word_1_196' title='bbox 2252 2713 2324 2763; x_wconf 74' lang='lat' dir='ltr'><strong>C*</strong></span> <span class='ocrx_word' id='word_1_197' title='bbox 2575 2712 2607 2762; x_wconf 93' lang='lat'><strong>6</strong></span> <span class='ocrx_word' id='word_1_198' title='bbox 2640 2728 2867 2779; x_wconf 84' lang='lat' dir='ltr'><strong>quaeque</strong></span> <span class='ocrx_word' id='word_1_199' title='bbox 2895 2713 2938 2763; x_wconf 88' lang='lat' dir='ltr'><em>C</em></span> <span class='ocrx_word' id='word_1_200' title='bbox 2958 2729 2992 2762; x_wconf 83' lang='lat' dir='ltr'><strong>r</strong></span> 
     </span>
    </p>
   </div>
   <div class='ocr_carea' id='block_1_9' title="bbox 2012 2794 2550 2861">
    <p class='ocr_par' dir='ltr' id='par_1_12' title="bbox 2012 2794 2550 2861">
     <span class='ocr_line' id='line_1_24' title="bbox 2012 2794 2550 2861; baseline -0.004 -15"><span class='ocrx_word' id='word_1_201' title='bbox 2012 2799 2070 2847; x_wconf 90' lang='lat'><strong>18</strong></span> <span class='ocrx_word' id='word_1_202' title='bbox 2105 2796 2311 2861; x_wconf 86' lang='lat' dir='ltr'><strong>suscipit</strong></span> <span class='ocrx_word' id='word_1_203' title='bbox 2340 2794 2409 2845; x_wconf 75' lang='lat' dir='ltr'><strong>C*</strong></span> <span class='ocrx_word' id='word_1_204' title='bbox 2438 2794 2506 2845; x_wconf 88' lang='lat' dir='ltr'><em>H</em></span> <span class='ocrx_word' id='word_1_205' title='bbox 2518 2812 2550 2843; x_wconf 86' lang='lat' dir='ltr'><strong>r</strong></span> 
     </span>
    </p>
   </div>
   <div class='ocr_carea' id='block_1_10' title="bbox 570 2717 1109 2849">
    <p class='ocr_par' dir='ltr' id='par_1_13' title="bbox 570 2717 1109 2849">
     <span class='ocr_line' id='line_1_25' title="bbox 670 2717 1109 2768; baseline 0 -1"><span class='ocrx_word' id='word_1_206' title='bbox 670 2734 689 2767; x_wconf 84' lang='lat'>1</span> <span class='ocrx_word' id='word_1_207' title='bbox 730 2725 894 2768; x_wconf 83' lang='lat' dir='ltr'><strong>creata</strong></span> <span class='ocrx_word' id='word_1_208' title='bbox 917 2718 1016 2767; x_wconf 87' lang='lat' dir='ltr'><strong>sint</strong></span> <span class='ocrx_word' id='word_1_209' title='bbox 1041 2717 1109 2767; x_wconf 83' lang='lat' dir='ltr'><em>H</em></span> 
     </span>
     <span class='ocr_line' id='line_1_26' title="bbox 570 2799 1002 2849; baseline 0 -1"><span class='ocrx_word' id='word_1_210' title='bbox 570 2815 623 2849; x_wconf 88' lang='lat'><strong>11</strong></span> <span class='ocrx_word' id='word_1_211' title='bbox 662 2799 947 2849; x_wconf 84' lang='lat' dir='ltr'><strong>mirandum</strong></span> <span class='ocrx_word' id='word_1_212' title='bbox 969 2816 1002 2848; x_wconf 86' lang='lat' dir='ltr'><em>r</em></span> 
     </span>
    </p>
   </div>
   <div class='ocr_carea' id='block_1_11' title="bbox 1822 2908 2988 3083">
    <p class='ocr_par' dir='ltr' id='par_1_14' title="bbox 1822 2908 2988 3083">
     <span class='ocr_line' id='line_1_27' title="bbox 1824 2908 2988 3002; baseline -0.003 -16"><span class='ocrx_word' id='word_1_213' title='bbox 1824 2938 1887 2987; x_wconf 90' lang='lat' dir='ltr'><strong>In</strong></span> <span class='ocrx_word' id='word_1_214' title='bbox 1906 2937 1957 2986; x_wconf 93' lang='lat' dir='ltr'><strong>ll.</strong></span> <span class='ocrx_word' id='word_1_215' title='bbox 1989 2908 2062 2997; x_wconf 38' lang='lat'><strong>1·4,</strong></span> <span class='ocrx_word' id='word_1_216' title='bbox 2093 2951 2168 3002; x_wconf 82' lang='lat'><strong>19,</strong></span> <span class='ocrx_word' id='word_1_217' title='bbox 2197 2952 2248 3000; x_wconf 89' lang='lat' dir='ltr'><strong>p.</strong></span> <span class='ocrx_word' id='word_1_218' title='bbox 2275 2948 2386 2999; x_wconf 82' lang='lat'><strong>273,</strong></span> <span class='ocrx_word' id='word_1_219' title='bbox 2414 2935 2447 2984; x_wconf 87' lang='lat'><strong>1.</strong></span> <span class='ocrx_word' id='word_1_220' title='bbox 2479 2950 2522 2995; x_wconf 88' lang='lat'><strong>1,</strong></span> <span class='ocrx_word' id='word_1_221' title='bbox 2540 2935 2627 2985; x_wconf 88' lang='lat' dir='ltr'><strong>the</strong></span> <span class='ocrx_word' id='word_1_222' title='bbox 2648 2942 2756 2985; x_wconf 89' lang='lat' dir='ltr'><strong>true</strong></span> <span class='ocrx_word' id='word_1_223' title='bbox 2778 2934 2988 2999; x_wconf 86' lang='lat' dir='ltr'><strong>reading</strong></span> 
     </span>
     <span class='ocr_line' id='line_1_28' title="bbox 1822 3018 2985 3083; baseline -0.001 -15"><span class='ocrx_word' id='word_1_224' title='bbox 1822 3019 1864 3068; x_wconf 91' lang='lat' dir='ltr'><strong>is</strong></span> <span class='ocrx_word' id='word_1_225' title='bbox 1887 3018 2109 3083; x_wconf 87' lang='lat' dir='ltr'><strong>possibly</strong></span> <span class='ocrx_word' id='word_1_226' title='bbox 2126 3019 2372 3077; x_wconf 75' lang='lat' dir='ltr'><strong>humana,</strong></span> <span class='ocrx_word' id='word_1_227' title='bbox 2395 3018 2598 3076; x_wconf 81' lang='lat' dir='ltr'><strong>diuina,</strong></span> <span class='ocrx_word' id='word_1_228' title='bbox 2627 3018 2856 3066; x_wconf 77' lang='lat' dir='ltr'><strong>humana</strong></span> <span class='ocrx_word' id='word_1_229' title='bbox 2869 3032 2893 3076; x_wconf 89' lang='lat'><strong>,·</strong></span> <span class='ocrx_word' id='word_1_230' title='bbox 2926 3033 2985 3067; x_wconf 89' lang='lat' dir='ltr'><strong>so</strong></span> 
     </span>
    </p>
   </div>
   <div class='ocr_carea' id='block_1_12' title="bbox 629 2939 1722 3082">
    <p class='ocr_par' dir='ltr' id='par_1_15' title="bbox 629 2939 1722 3082">
     <span class='ocr_line' id='line_1_29' title="bbox 633 2939 1417 3004; baseline 0.003 -17"><span class='ocrx_word' id='word_1_231' title='bbox 633 2955 678 2988; x_wconf 90' lang='lat'><strong>1.</strong></span> <span class='ocrx_word' id='word_1_232' title='bbox 742 2939 890 3000; x_wconf 82' lang='lat' dir='ltr'><strong>dicto]</strong></span> <span class='ocrx_word' id='word_1_233' title='bbox 957 2940 1073 2988; x_wconf 85' lang='lat' dir='ltr'><strong>For.</strong></span> <span class='ocrx_word' id='word_1_234' title='bbox 1096 2940 1183 3004; x_wconf 77' lang='lat' dir='ltr'><strong>leg.</strong></span> <span class='ocrx_word' id='word_1_235' title='bbox 1213 2940 1417 2989; x_wconf 91' lang='lat' dir='ltr'><strong>dictum.</strong></span> 
     </span>
     <span class='ocr_line' id='line_1_30' title="bbox 629 3017 1722 3082; baseline -0.001 -16"><span class='ocrx_word' id='word_1_236' title='bbox 629 3036 676 3082; x_wconf 83' lang='lat'><strong>5.</strong></span> <span class='ocrx_word' id='word_1_237' title='bbox 720 3026 820 3082; x_wconf 79' lang='lat' dir='ltr'><strong>per</strong></span> <span class='ocrx_word' id='word_1_238' title='bbox 860 3034 1015 3082; x_wconf 85' lang='lat' dir='ltr'><strong>quam</strong></span> <span class='ocrx_word' id='word_1_239' title='bbox 1056 3019 1228 3068; x_wconf 82' lang='lat' dir='ltr'><strong>omnia</strong></span> <span class='ocrx_word' id='word_1_240' title='bbox 1256 3018 1403 3082; x_wconf 85' lang='lat' dir='ltr'><strong>facta</strong></span> <span class='ocrx_word' id='word_1_241' title='bbox 1437 3017 1579 3078; x_wconf 79' lang='lat' dir='ltr'><strong>sunt]</strong></span> <span class='ocrx_word' id='word_1_242' title='bbox 1645 3018 1722 3081; x_wconf 88' lang='lat' dir='ltr'><strong>By</strong></span> 
     </span>
    </p>
   </div>
   <div class='ocr_carea' id='block_1_13' title="bbox 559 3095 1726 4551">
    <p class='ocr_par' dir='ltr' id='par_1_16' title="bbox 559 3095 1726 4229">
     <span class='ocr_line' id='line_1_31' title="bbox 563 3095 1721 3165; baseline -0.002 -15"><span class='ocrx_word' id='word_1_243' title='bbox 563 3101 649 3150; x_wconf 89' lang='lat' dir='ltr'><strong>the</strong></span> <span class='ocrx_word' id='word_1_244' title='bbox 692 3101 957 3165; x_wconf 89' lang='lat' dir='ltr'><strong>expedient</strong></span> <span class='ocrx_word' id='word_1_245' title='bbox 997 3100 1054 3149; x_wconf 83' lang='lat' dir='ltr'><strong>of</strong></span> <span class='ocrx_word' id='word_1_246' title='bbox 1090 3101 1328 3164; x_wconf 83' lang='lat' dir='ltr'><strong>referring</strong></span> <span class='ocrx_word' id='word_1_247' title='bbox 1374 3099 1433 3147; x_wconf 88' lang='grc' dir='ltr'><strong>δι’</strong></span> <span class='ocrx_word' id='word_1_248' title='bbox 1477 3095 1625 3148; x_wconf 81' lang='grc' dir='ltr'><strong><em>αὐτοῦ</em></strong></span> <span class='ocrx_word' id='word_1_249' title='bbox 1668 3107 1721 3148; x_wconf 93' lang='lat' dir='ltr'><strong>to</strong></span> 
     </span>
     <span class='ocr_line' id='line_1_32' title="bbox 562 3180 1719 3243; baseline -0.005 -12"><span class='ocrx_word' id='word_1_250' title='bbox 562 3182 680 3232; x_wconf 93' lang='lat' dir='ltr'><strong>God</strong></span> <span class='ocrx_word' id='word_1_251' title='bbox 715 3182 801 3231; x_wconf 89' lang='lat' dir='ltr'><strong>the</strong></span> <span class='ocrx_word' id='word_1_252' title='bbox 836 3182 1011 3239; x_wconf 83' lang='lat' dir='ltr'><strong>word,</strong></span> <span class='ocrx_word' id='word_1_253' title='bbox 1051 3181 1217 3229; x_wconf 87' lang='lat' dir='ltr'><strong>whilst</strong></span> <span class='ocrx_word' id='word_1_254' title='bbox 1257 3181 1321 3229; x_wconf 87' lang='lat' dir='ltr'><strong>he</strong></span> <span class='ocrx_word' id='word_1_255' title='bbox 1359 3180 1624 3243; x_wconf 84' lang='lat' dir='ltr'><strong>interprets</strong></span> <span class='ocrx_word' id='word_1_256' title='bbox 1668 3180 1719 3226; x_wconf 81' lang='grc' dir='ltr'><strong>έν</strong></span> 
     </span>
     <span class='ocr_line' id='line_1_33' title="bbox 561 3262 1720 3327; baseline 0 -14"><span class='ocrx_word' id='word_1_257' title='bbox 561 3262 694 3325; x_wconf 74' lang='grc' dir='ltr'><strong>αὐτῷ</strong></span> <span class='ocrx_word' id='word_1_258' title='bbox 726 3265 784 3314; x_wconf 83' lang='lat' dir='ltr'><strong>of</strong></span> <span class='ocrx_word' id='word_1_259' title='bbox 815 3265 901 3315; x_wconf 85' lang='lat' dir='ltr'><strong>the</strong></span> <span class='ocrx_word' id='word_1_260' title='bbox 935 3265 1075 3313; x_wconf 75' lang='lat' dir='ltr'><strong>homo</strong></span> <span class='ocrx_word' id='word_1_261' title='bbox 1108 3271 1365 3327; x_wconf 84' lang='lat' dir='ltr'><strong>susceptus,</strong></span> <span class='ocrx_word' id='word_1_262' title='bbox 1402 3266 1500 3313; x_wconf 88' lang='lat' dir='ltr'><strong>Th.</strong></span> <span class='ocrx_word' id='word_1_263' title='bbox 1532 3265 1574 3313; x_wconf 88' lang='lat' dir='ltr'><strong>is</strong></span> <span class='ocrx_word' id='word_1_264' title='bbox 1604 3264 1720 3313; x_wconf 88' lang='lat' dir='ltr'><strong>able</strong></span> 
     </span>
     <span class='ocr_line' id='line_1_34' title="bbox 563 3344 1715 3411; baseline -0.003 -15"><span class='ocrx_word' id='word_1_265' title='bbox 563 3353 616 3396; x_wconf 91' lang='lat' dir='ltr'><strong>to</strong></span> <span class='ocrx_word' id='word_1_266' title='bbox 661 3363 776 3411; x_wconf 86' lang='lat' dir='ltr'><strong>pass</strong></span> <span class='ocrx_word' id='word_1_267' title='bbox 819 3346 946 3395; x_wconf 80' lang='lat' dir='ltr'><strong>from</strong></span> <span class='ocrx_word' id='word_1_268' title='bbox 991 3346 1077 3395; x_wconf 85' lang='lat' dir='ltr'><strong>the</strong></span> <span class='ocrx_word' id='word_1_269' title='bbox 1123 3344 1363 3394; x_wconf 79' lang='grc' dir='ltr'>ἀνάκτισις</span> <span class='ocrx_word' id='word_1_270' title='bbox 1406 3353 1460 3393; x_wconf 84' lang='lat' dir='ltr'><strong>to</strong></span> <span class='ocrx_word' id='word_1_271' title='bbox 1505 3345 1589 3393; x_wconf 85' lang='lat' dir='ltr'><strong>the</strong></span> <span class='ocrx_word' id='word_1_272' title='bbox 1635 3346 1715 3404; x_wconf 81' lang='grc' dir='ltr'><strong>δη-</strong></span> 
     </span>
     <span class='ocr_line' id='line_1_35' title="bbox 559 3425 1716 3490; baseline -0.003 -13"><span class='ocrx_word' id='word_1_273' title='bbox 559 3430 800 3490; x_wconf 71' lang='grc' dir='ltr'>μιουργία,</span> <span class='ocrx_word' id='word_1_274' title='bbox 832 3429 932 3477; x_wconf 92' lang='lat' dir='ltr'><strong>and</strong></span> <span class='ocrx_word' id='word_1_275' title='bbox 967 3434 1019 3476; x_wconf 90' lang='lat' dir='ltr'><strong>to</strong></span> <span class='ocrx_word' id='word_1_276' title='bbox 1053 3426 1252 3490; x_wconf 87' lang='lat' dir='ltr'><strong>explain</strong></span> <span class='ocrx_word' id='word_1_277' title='bbox 1284 3428 1346 3474; x_wconf 82' lang='grc' dir='ltr'><strong>τὸ,</strong></span> <span class='ocrx_word' id='word_1_278' title='bbox 1376 3425 1716 3476; x_wconf 75' lang='grc' dir='ltr'><strong><em>πάντα...συν-</em></strong></span> 
     </span>
     <span class='ocr_line' id='line_1_36' title="bbox 564 3507 1716 3569; baseline -0.002 -11"><span class='ocrx_word' id='word_1_279' title='bbox 564 3511 763 3569; x_wconf 71' lang='grc' dir='ltr'>ἔστηκεν</span> <span class='ocrx_word' id='word_1_280' title='bbox 781 3508 839 3558; x_wconf 88' lang='lat' dir='ltr'><strong>of</strong></span> <span class='ocrx_word' id='word_1_281' title='bbox 854 3509 939 3558; x_wconf 89' lang='lat' dir='ltr'><strong>the</strong></span> <span class='ocrx_word' id='word_1_282' title='bbox 958 3508 1098 3556; x_wconf 87' lang='lat' dir='ltr'><strong>work</strong></span> <span class='ocrx_word' id='word_1_283' title='bbox 1122 3508 1181 3556; x_wconf 84' lang='lat' dir='ltr'><strong>of</strong></span> <span class='ocrx_word' id='word_1_284' title='bbox 1196 3507 1279 3556; x_wconf 89' lang='lat' dir='ltr'><strong>the</strong></span> <span class='ocrx_word' id='word_1_285' title='bbox 1301 3509 1403 3557; x_wconf 93' lang='lat' dir='ltr'><strong>Son</strong></span> <span class='ocrx_word' id='word_1_286' title='bbox 1423 3507 1473 3555; x_wconf 90' lang='lat' dir='ltr'><strong>in</strong></span> <span class='ocrx_word' id='word_1_287' title='bbox 1497 3508 1716 3557; x_wconf 87' lang='lat' dir='ltr'><strong>creation</strong></span> 
     </span>
     <span class='ocr_line' id='line_1_37' title="bbox 562 3589 1718 3654; baseline -0.003 -14"><span class='ocrx_word' id='word_1_288' title='bbox 562 3591 662 3640; x_wconf 87' lang='lat' dir='ltr'><strong>and</strong></span> <span class='ocrx_word' id='word_1_289' title='bbox 716 3591 1031 3654; x_wconf 87' lang='lat' dir='ltr'><strong>providence.</strong></span> <span class='ocrx_word' id='word_1_290' title='bbox 1125 3589 1280 3637; x_wconf 87' lang='lat' dir='ltr'><strong>Thdt.</strong></span> <span class='ocrx_word' id='word_1_291' title='bbox 1331 3604 1399 3637; x_wconf 92' lang='lat' dir='ltr'><strong>on</strong></span> <span class='ocrx_word' id='word_1_292' title='bbox 1444 3589 1529 3644; x_wconf 81' lang='lat' dir='ltr'><strong>the</strong></span> <span class='ocrx_word' id='word_1_293' title='bbox 1574 3589 1718 3638; x_wconf 88' lang='lat' dir='ltr'><strong>other</strong></span> 
     </span>
     <span class='ocr_line' id='line_1_38' title="bbox 562 3671 1717 3736; baseline -0.001 -15"><span class='ocrx_word' id='word_1_294' title='bbox 562 3675 695 3723; x_wconf 88' lang='lat' dir='ltr'><strong>hand</strong></span> <span class='ocrx_word' id='word_1_295' title='bbox 733 3673 900 3736; x_wconf 86' lang='lat' dir='ltr'><strong>brings</strong></span> <span class='ocrx_word' id='word_1_296' title='bbox 934 3673 985 3719; x_wconf 89' lang='lat' dir='ltr'><strong>in</strong></span> <span class='ocrx_word' id='word_1_297' title='bbox 1020 3671 1104 3720; x_wconf 86' lang='lat' dir='ltr'><strong>the</strong></span> <span class='ocrx_word' id='word_1_298' title='bbox 1141 3671 1462 3720; x_wconf 86' lang='lat' dir='ltr'><strong>Incarnation</strong></span> <span class='ocrx_word' id='word_1_299' title='bbox 1494 3673 1593 3720; x_wconf 87' lang='lat' dir='ltr'><strong>and</strong></span> <span class='ocrx_word' id='word_1_300' title='bbox 1630 3672 1717 3721; x_wconf 86' lang='lat' dir='ltr'><strong>the</strong></span> 
     </span>
     <span class='ocr_line' id='line_1_39' title="bbox 563 3751 1720 3815; baseline -0.002 -13"><span class='ocrx_word' id='word_1_301' title='bbox 563 3770 674 3802; x_wconf 90' lang='lat' dir='ltr'><strong>new</strong></span> <span class='ocrx_word' id='word_1_302' title='bbox 709 3753 928 3802; x_wconf 83' lang='lat' dir='ltr'><strong>creation</strong></span> <span class='ocrx_word' id='word_1_303' title='bbox 972 3760 1023 3800; x_wconf 86' lang='lat' dir='ltr'><strong>at</strong></span> <span class='ocrx_word' id='word_1_304' title='bbox 1069 3751 1167 3801; x_wconf 85' lang='lat' dir='ltr'><strong>this</strong></span> <span class='ocrx_word' id='word_1_305' title='bbox 1214 3751 1370 3815; x_wconf 85' lang='lat' dir='ltr'><strong>point,</strong></span> <span class='ocrx_word' id='word_1_306' title='bbox 1421 3753 1720 3814; x_wconf 88' lang='lat' dir='ltr'><strong>connecting</strong></span> 
     </span>
     <span class='ocr_line' id='line_1_40' title="bbox 563 3829 1717 3886; baseline 0 -5"><span class='ocrx_word' id='word_1_307' title='bbox 563 3834 698 3882; x_wconf 90' lang='lat' dir='ltr'><strong>them</strong></span> <span class='ocrx_word' id='word_1_308' title='bbox 723 3833 843 3881; x_wconf 88' lang='lat' dir='ltr'><strong>with</strong></span> <span class='ocrx_word' id='word_1_309' title='bbox 871 3834 937 3880; x_wconf 80' lang='grc' dir='ltr'><strong>εἰς</strong></span> <span class='ocrx_word' id='word_1_310' title='bbox 963 3829 1105 3880; x_wconf 80' lang='grc' dir='ltr'><strong><em>αὐτὸν</em></strong></span> <span class='ocrx_word' id='word_1_311' title='bbox 1126 3835 1360 3886; x_wconf 81' lang='grc' dir='ltr'><strong><em>ἔκτισται.</em></strong></span> <span class='ocrx_word' id='word_1_312' title='bbox 1384 3833 1484 3880; x_wconf 83' lang='lat' dir='ltr'><strong>and</strong></span> <span class='ocrx_word' id='word_1_313' title='bbox 1509 3835 1558 3880; x_wconf 89' lang='lat' dir='ltr'><strong>in</strong></span> <span class='ocrx_word' id='word_1_314' title='bbox 1583 3833 1717 3881; x_wconf 88' lang='lat' dir='ltr'><strong>illus·</strong></span> 
     </span>
     <span class='ocr_line' id='line_1_41' title="bbox 561 3914 1726 3964; baseline -0.002 0"><span class='ocrx_word' id='word_1_315' title='bbox 561 3915 743 3964; x_wconf 85' lang='lat' dir='ltr'><strong>tration</strong></span> <span class='ocrx_word' id='word_1_316' title='bbox 775 3915 833 3963; x_wconf 82' lang='lat' dir='ltr'><strong>os</strong></span> <span class='ocrx_word' id='word_1_317' title='bbox 858 3915 995 3963; x_wconf 84' lang='lat' dir='ltr'><strong>these</strong></span> <span class='ocrx_word' id='word_1_318' title='bbox 1030 3914 1122 3962; x_wconf 83' lang='lat' dir='ltr'><strong>last</strong></span> <span class='ocrx_word' id='word_1_319' title='bbox 1154 3915 1315 3962; x_wconf 85' lang='lat' dir='ltr'><strong>words</strong></span> <span class='ocrx_word' id='word_1_320' title='bbox 1349 3914 1470 3962; x_wconf 89' lang='lat' dir='ltr'><strong>cites</strong></span> <span class='ocrx_word' id='word_1_321' title='bbox 1501 3914 1637 3962; x_wconf 86' lang='lat' dir='ltr'><strong>three</strong></span> <span class='ocrx_word' id='word_1_322' title='bbox 1668 3914 1726 3963; x_wconf 88' lang='lat' dir='ltr'><strong>of</strong></span> 
     </span>
     <span class='ocr_line' id='line_1_42' title="bbox 561 3994 1720 4047; baseline -0.003 -1"><span class='ocrx_word' id='word_1_323' title='bbox 561 3998 646 4046; x_wconf 89' lang='lat' dir='ltr'><strong>the</strong></span> <span class='ocrx_word' id='word_1_324' title='bbox 676 4005 804 4047; x_wconf 86' lang='lat' dir='ltr'><strong>texts</strong></span> <span class='ocrx_word' id='word_1_325' title='bbox 832 3996 997 4045; x_wconf 86' lang='lat' dir='ltr'><strong>which</strong></span> <span class='ocrx_word' id='word_1_326' title='bbox 1026 3995 1120 4045; x_wconf 89' lang='lat' dir='ltr'><strong>Th.</strong></span> <span class='ocrx_word' id='word_1_327' title='bbox 1149 3994 1251 4043; x_wconf 88' lang='lat' dir='ltr'><strong>had</strong></span> <span class='ocrx_word' id='word_1_328' title='bbox 1278 3994 1479 4043; x_wconf 87' lang='lat' dir='ltr'><strong>worked</strong></span> <span class='ocrx_word' id='word_1_329' title='bbox 1508 3995 1614 4043; x_wconf 91' lang='lat' dir='ltr'><strong>into</strong></span> <span class='ocrx_word' id='word_1_330' title='bbox 1641 3995 1720 4044; x_wconf 88' lang='lat' dir='ltr'><strong>his</strong></span> 
     </span>
     <span class='ocr_line' id='line_1_43' title="bbox 562 4075 1716 4138; baseline -0.002 -11"><span class='ocrx_word' id='word_1_331' title='bbox 562 4087 813 4128; x_wconf 86' lang='lat' dir='ltr'><strong>comment</strong></span> <span class='ocrx_word' id='word_1_332' title='bbox 844 4095 909 4127; x_wconf 88' lang='lat' dir='ltr'><strong>on</strong></span> <span class='ocrx_word' id='word_1_333' title='bbox 945 4080 994 4126; x_wconf 79' lang='grc' dir='ltr'><strong>ἐν</strong></span> <span class='ocrx_word' id='word_1_334' title='bbox 1027 4075 1157 4137; x_wconf 70' lang='grc' dir='ltr'><strong>αὐτῷ</strong></span> <span class='ocrx_word' id='word_1_335' title='bbox 1187 4079 1383 4135; x_wconf 75' lang='grc' dir='ltr'>ἐκτίσθη</span> <span class='ocrx_word' id='word_1_336' title='bbox 1405 4076 1526 4138; x_wconf 78' lang='lat' dir='ltr'><strong>(vizz</strong></span> <span class='ocrx_word' id='word_1_337' title='bbox 1567 4078 1716 4127; x_wconf 87' lang='lat' dir='ltr'><strong>Rom.</strong></span> 
     </span>
     <span class='ocr_line' id='line_1_44' title="bbox 563 4159 1506 4229; baseline -0.004 -19"><span class='ocrx_word' id='word_1_338' title='bbox 563 4163 665 4211; x_wconf 89' lang='lat' dir='ltr'><strong>viii.</strong></span> <span class='ocrx_word' id='word_1_339' title='bbox 696 4178 769 4229; x_wconf 83' lang='lat'><strong>19,</strong></span> <span class='ocrx_word' id='word_1_340' title='bbox 802 4178 826 4211; x_wconf 85' lang='lat'>2</span> <span class='ocrx_word' id='word_1_341' title='bbox 855 4163 971 4211; x_wconf 84' lang='lat' dir='ltr'><strong>Cor.</strong></span> <span class='ocrx_word' id='word_1_342' title='bbox 1000 4178 1047 4210; x_wconf 82' lang='lat' dir='ltr'><strong>v.</strong></span> <span class='ocrx_word' id='word_1_343' title='bbox 1083 4174 1157 4222; x_wconf 86' lang='lat'><strong>17,</strong></span> <span class='ocrx_word' id='word_1_344' title='bbox 1187 4160 1319 4222; x_wconf 88' lang='lat' dir='ltr'><strong>Eph.</strong></span> <span class='ocrx_word' id='word_1_345' title='bbox 1345 4159 1376 4207; x_wconf 91' lang='lat' dir='ltr'><strong>i.</strong></span> <span class='ocrx_word' id='word_1_346' title='bbox 1414 4160 1506 4217; x_wconf 85' lang='lat'><strong>10).</strong></span> 
     </span>
    </p>

    <p class='ocr_par' dir='ltr' id='par_1_17' title="bbox 562 4241 1716 4551">
     <span class='ocr_line' id='line_1_45' title="bbox 635 4241 1714 4306; baseline -0.003 -14"><span class='ocrx_word' id='word_1_347' title='bbox 635 4259 709 4306; x_wconf 81' lang='lat'><strong>13.</strong></span> <span class='ocrx_word' id='word_1_348' title='bbox 763 4250 810 4292; x_wconf 80' lang='lat' dir='ltr'><strong>et</strong></span> <span class='ocrx_word' id='word_1_349' title='bbox 838 4242 1237 4306; x_wconf 72' lang='lat' dir='ltr'><strong>Philippensibus</strong></span> <span class='ocrx_word' id='word_1_350' title='bbox 1265 4241 1564 4301; x_wconf 75' lang='lat' dir='ltr'><strong>scribmtcm]</strong></span> <span class='ocrx_word' id='word_1_351' title='bbox 1633 4242 1714 4291; x_wconf 90' lang='lat' dir='ltr'><strong>Cf.</strong></span> 
     </span>
     <span class='ocr_line' id='line_1_46' title="bbox 564 4324 1714 4393; baseline -0.001 -18"><span class='ocrx_word' id='word_1_352' title='bbox 564 4342 615 4390; x_wconf 89' lang='lat' dir='ltr'><strong>p.</strong></span> <span class='ocrx_word' id='word_1_353' title='bbox 643 4341 753 4393; x_wconf 79' lang='lat'><strong>219,</strong></span> <span class='ocrx_word' id='word_1_354' title='bbox 786 4327 819 4374; x_wconf 95' lang='grc'><strong>1.</strong></span> <span class='ocrx_word' id='word_1_355' title='bbox 852 4343 891 4385; x_wconf 85' lang='lat'><strong>1,</strong></span> <span class='ocrx_word' id='word_1_356' title='bbox 916 4343 987 4389; x_wconf 86' lang='lat' dir='ltr'><strong>sq.</strong></span> <span class='ocrx_word' id='word_1_357' title='bbox 1061 4326 1377 4375; x_wconf 72' lang='lat' dir='ltr'><strong>Ostendemus</strong></span> <span class='ocrx_word' id='word_1_358' title='bbox 1406 4324 1507 4388; x_wconf 88' lang='lat' dir='ltr'><strong>(see</strong></span> <span class='ocrx_word' id='word_1_359' title='bbox 1530 4341 1606 4373; x_wconf 85' lang='lat' dir='ltr'><strong>vv.</strong></span> <span class='ocrx_word' id='word_1_360' title='bbox 1638 4324 1714 4384; x_wconf 89' lang='lat' dir='ltr'><strong>ll.)</strong></span> 
     </span>
     <span class='ocr_line' id='line_1_47' title="bbox 562 4404 1715 4470; baseline -0.004 -13"><span class='ocrx_word' id='word_1_361' title='bbox 562 4424 655 4458; x_wconf 86' lang='lat' dir='ltr'><strong>can</strong></span> <span class='ocrx_word' id='word_1_362' title='bbox 686 4408 862 4470; x_wconf 87' lang='lat' dir='ltr'><strong>hardly</strong></span> <span class='ocrx_word' id='word_1_363' title='bbox 894 4408 955 4456; x_wconf 89' lang='lat' dir='ltr'><strong>be</strong></span> <span class='ocrx_word' id='word_1_364' title='bbox 991 4415 1194 4455; x_wconf 89' lang='lat' dir='ltr'><strong>correct.</strong></span> <span class='ocrx_word' id='word_1_365' title='bbox 1265 4406 1291 4454; x_wconf 94' lang='lat'>1</span> <span class='ocrx_word' id='word_1_366' title='bbox 1320 4406 1447 4454; x_wconf 77' lang='lat' dir='ltr'><strong>have</strong></span> <span class='ocrx_word' id='word_1_367' title='bbox 1476 4404 1715 4453; x_wconf 84' lang='lat' dir='ltr'><strong>ventured</strong></span> 
     </span>
     <span class='ocr_line' id='line_1_48' title="bbox 563 4484 1716 4551; baseline -0.006 -13"><span class='ocrx_word' id='word_1_368' title='bbox 563 4499 615 4539; x_wconf 82' lang='lat' dir='ltr'><strong>to</strong></span> <span class='ocrx_word' id='word_1_369' title='bbox 638 4488 794 4538; x_wconf 87' lang='lat' dir='ltr'><strong>admit</strong></span> <span class='ocrx_word' id='word_1_370' title='bbox 819 4488 924 4537; x_wconf 82' lang='lat' dir='ltr'><strong>into</strong></span> <span class='ocrx_word' id='word_1_371' title='bbox 947 4486 1031 4536; x_wconf 83' lang='lat' dir='ltr'><strong>the</strong></span> <span class='ocrx_word' id='word_1_372' title='bbox 1054 4495 1157 4536; x_wconf 81' lang='lat' dir='ltr'><strong>text</strong></span> <span class='ocrx_word' id='word_1_373' title='bbox 1178 4485 1395 4551; x_wconf 83' lang='lat' dir='ltr'><strong>Jacobi&#39;s</strong></span> <span class='ocrx_word' id='word_1_374' title='bbox 1418 4484 1716 4547; x_wconf 84' lang='lat' dir='ltr'><strong>conjecture.</strong></span> 
     </span>
    </p>
   </div>
   <div class='ocr_carea' id='block_1_14' title="bbox 1817 3099 2984 4547">
    <p class='ocr_par' dir='ltr' id='par_1_18' title="bbox 1820 3099 2013 3163">
     <span class='ocr_line' id='line_1_49' title="bbox 1820 3099 2013 3163; baseline 0 -15"><span class='ocrx_word' id='word_1_375' title='bbox 1820 3099 2013 3163; x_wconf 85' lang='lat' dir='ltr'><strong>Jacobi.</strong></span> 
     </span>
    </p>

    <p class='ocr_par' dir='ltr' id='par_1_19' title="bbox 1893 3177 2977 3242">
     <span class='ocr_line' id='line_1_50' title="bbox 1893 3177 2977 3242; baseline 0 -13"><span class='ocrx_word' id='word_1_376' title='bbox 1893 3194 1965 3240; x_wconf 85' lang='lat'><strong>¹5·</strong></span> <span class='ocrx_word' id='word_1_377' title='bbox 2021 3180 2122 3241; x_wconf 83' lang='lat' dir='ltr'><strong>sed]</strong></span> <span class='ocrx_word' id='word_1_378' title='bbox 2162 3177 2296 3228; x_wconf 74' lang='grc' dir='ltr'><strong>ἀλλὰ</strong></span> <span class='ocrx_word' id='word_1_379' title='bbox 2311 3179 2425 3241; x_wconf 74' lang='grc' dir='ltr'><strong>γάρ,</strong></span> <span class='ocrx_word' id='word_1_380' title='bbox 2440 3179 2505 3228; x_wconf 90' lang='lat' dir='ltr'><strong>cf.</strong></span> <span class='ocrx_word' id='word_1_381' title='bbox 2526 3194 2577 3242; x_wconf 93' lang='lat' dir='ltr'><strong>p.</strong></span> <span class='ocrx_word' id='word_1_382' title='bbox 2596 3181 2676 3236; x_wconf 88' lang='lat'><strong>80,</strong></span> <span class='ocrx_word' id='word_1_383' title='bbox 2695 3178 2730 3227; x_wconf 85' lang='lat'><strong>1.</strong></span> <span class='ocrx_word' id='word_1_384' title='bbox 2752 3194 2827 3234; x_wconf 78' lang='grc' dir='ltr'><strong>ιι,</strong></span> <span class='ocrx_word' id='word_1_385' title='bbox 2843 3188 2977 3229; x_wconf 88' lang='lat' dir='ltr'><strong>note.</strong></span> 
     </span>
    </p>

    <p class='ocr_par' dir='ltr' id='par_1_20' title="bbox 1817 3259 2984 3898">
     <span class='ocr_line' id='line_1_51' title="bbox 1893 3259 2978 3324; baseline -0.004 -14"><span class='ocrx_word' id='word_1_386' title='bbox 1893 3260 1968 3310; x_wconf 90' lang='lat'><strong>16.</strong></span> <span class='ocrx_word' id='word_1_387' title='bbox 2025 3263 2215 3310; x_wconf 80' lang='lat' dir='ltr'><strong>locutus</strong></span> <span class='ocrx_word' id='word_1_388' title='bbox 2235 3268 2319 3317; x_wconf 85' lang='lat' dir='ltr'><strong>est,</strong></span> <span class='ocrx_word' id='word_1_389' title='bbox 2345 3259 2461 3321; x_wconf 85' lang='lat' dir='ltr'><strong>&amp;c.]</strong></span> <span class='ocrx_word' id='word_1_390' title='bbox 2518 3259 2656 3308; x_wconf 92' lang='lat' dir='ltr'><strong>Heb.</strong></span> <span class='ocrx_word' id='word_1_391' title='bbox 2677 3260 2706 3309; x_wconf 89' lang='lat' dir='ltr'><strong>i.</strong></span> <span class='ocrx_word' id='word_1_392' title='bbox 2733 3273 2777 3308; x_wconf 81' lang='lat'><strong>2.</strong></span> <span class='ocrx_word' id='word_1_393' title='bbox 2803 3259 2978 3324; x_wconf 86' lang='lat' dir='ltr'><strong>Vulg.,</strong></span> 
     </span>
     <span class='ocr_line' id='line_1_52' title="bbox 1820 3339 2983 3400; baseline -0.001 -9"><span class='ocrx_word' id='word_1_394' title='bbox 1820 3348 1852 3371; x_wconf 79' lang='lat'><strong>‘⁴</strong></span> <span class='ocrx_word' id='word_1_395' title='bbox 1866 3343 2120 3391; x_wconf 85' lang='lat' dir='ltr'><strong>constituit</strong></span> <span class='ocrx_word' id='word_1_396' title='bbox 2137 3343 2372 3391; x_wconf 85' lang='lat' dir='ltr'><strong>heredem</strong></span> <span class='ocrx_word' id='word_1_397' title='bbox 2385 3339 2792 3400; x_wconf 82' lang='lat' dir='ltr'><strong>uniuersorum&#39;’;</strong></span> <span class='ocrx_word' id='word_1_398' title='bbox 2818 3341 2884 3390; x_wconf 94' lang='lat' dir='ltr'><strong>O.</strong></span> <span class='ocrx_word' id='word_1_399' title='bbox 2899 3343 2983 3398; x_wconf 68' lang='lat' dir='ltr'><strong>L„</strong></span> 
     </span>
     <span class='ocr_line' id='line_1_53' title="bbox 1818 3420 2984 3473; baseline -0.002 0"><span class='ocrx_word' id='word_1_400' title='bbox 1818 3440 1873 3473; x_wconf 86' lang='lat' dir='ltr'><strong>as</strong></span> <span class='ocrx_word' id='word_1_401' title='bbox 1910 3424 1961 3472; x_wconf 89' lang='lat' dir='ltr'><strong>in</strong></span> <span class='ocrx_word' id='word_1_402' title='bbox 1997 3424 2096 3473; x_wconf 87' lang='lat' dir='ltr'><strong>this</strong></span> <span class='ocrx_word' id='word_1_403' title='bbox 2118 3423 2330 3471; x_wconf 87' lang='lat' dir='ltr'><strong>version.</strong></span> <span class='ocrx_word' id='word_1_404' title='bbox 2398 3420 2539 3471; x_wconf 89' lang='lat' dir='ltr'><strong>Th.’s</strong></span> <span class='ocrx_word' id='word_1_405' title='bbox 2570 3437 2751 3471; x_wconf 89' lang='lat' dir='ltr'><strong>comm.</strong></span> <span class='ocrx_word' id='word_1_406' title='bbox 2794 3437 2860 3470; x_wconf 88' lang='lat' dir='ltr'><strong>on</strong></span> <span class='ocrx_word' id='word_1_407' title='bbox 2896 3423 2984 3471; x_wconf 88' lang='lat' dir='ltr'><strong>the</strong></span> 
     </span>
     <span class='ocr_line' id='line_1_54' title="bbox 1817 3504 2982 3565; baseline 0.002 -12"><span class='ocrx_word' id='word_1_408' title='bbox 1817 3522 1955 3555; x_wconf 84' lang='lat' dir='ltr'><strong>verse</strong></span> <span class='ocrx_word' id='word_1_409' title='bbox 1974 3506 2015 3554; x_wconf 88' lang='lat' dir='ltr'><strong>is</strong></span> <span class='ocrx_word' id='word_1_410' title='bbox 2030 3506 2155 3565; x_wconf 86' lang='lat' dir='ltr'><strong>lost;</strong></span> <span class='ocrx_word' id='word_1_411' title='bbox 2189 3504 2280 3553; x_wconf 90' lang='lat' dir='ltr'><strong>but</strong></span> <span class='ocrx_word' id='word_1_412' title='bbox 2303 3504 2429 3552; x_wconf 88' lang='lat' dir='ltr'><strong>from</strong></span> <span class='ocrx_word' id='word_1_413' title='bbox 2452 3504 2530 3553; x_wconf 87' lang='lat' dir='ltr'><strong>his</strong></span> <span class='ocrx_word' id='word_1_414' title='bbox 2553 3504 2775 3553; x_wconf 86' lang='lat' dir='ltr'><strong>remarks</strong></span> <span class='ocrx_word' id='word_1_415' title='bbox 2797 3504 2916 3554; x_wconf 89' lang='lat' dir='ltr'><strong>here</strong></span> <span class='ocrx_word' id='word_1_416' title='bbox 2941 3505 2982 3555; x_wconf 89' lang='lat' dir='ltr'><strong>it</strong></span> 
     </span>
     <span class='ocr_line' id='line_1_55' title="bbox 1818 3582 2984 3650; baseline 0 -13"><span class='ocrx_word' id='word_1_417' title='bbox 1818 3588 1860 3637; x_wconf 87' lang='lat' dir='ltr'><strong>is</strong></span> <span class='ocrx_word' id='word_1_418' title='bbox 1890 3589 2019 3637; x_wconf 87' lang='lat' dir='ltr'><strong>clear</strong></span> <span class='ocrx_word' id='word_1_419' title='bbox 2050 3588 2156 3636; x_wconf 87' lang='lat' dir='ltr'><strong>that</strong></span> <span class='ocrx_word' id='word_1_420' title='bbox 2179 3587 2243 3635; x_wconf 90' lang='lat' dir='ltr'><strong>he</strong></span> <span class='ocrx_word' id='word_1_421' title='bbox 2264 3585 2566 3650; x_wconf 84' lang='lat' dir='ltr'><strong>interpreted</strong></span> <span class='ocrx_word' id='word_1_422' title='bbox 2600 3588 2652 3634; x_wconf 79' lang='grc' dir='ltr'><strong>ἐν</strong></span> <span class='ocrx_word' id='word_1_423' title='bbox 2694 3582 2780 3645; x_wconf 77' lang='grc' dir='ltr'><strong>υὶῷ</strong></span> <span class='ocrx_word' id='word_1_424' title='bbox 2808 3586 2868 3635; x_wconf 86' lang='lat' dir='ltr'><strong>of</strong></span> <span class='ocrx_word' id='word_1_425' title='bbox 2895 3587 2984 3637; x_wconf 89' lang='lat' dir='ltr'><strong>the</strong></span> 
     </span>
     <span class='ocr_line' id='line_1_56' title="bbox 1819 3669 2982 3735; baseline 0.001 -16"><span class='ocrx_word' id='word_1_426' title='bbox 1819 3672 1957 3721; x_wconf 80' lang='lat' dir='ltr'><strong>homo</strong></span> <span class='ocrx_word' id='word_1_427' title='bbox 2000 3678 2257 3735; x_wconf 81' lang='lat' dir='ltr'><strong>susceptus.</strong></span> <span class='ocrx_word' id='word_1_428' title='bbox 2326 3671 2407 3719; x_wconf 88' lang='lat' dir='ltr'><strong>Cf.</strong></span> <span class='ocrx_word' id='word_1_429' title='bbox 2456 3670 2540 3719; x_wconf 84' lang='lat' dir='ltr'><strong>the</strong></span> <span class='ocrx_word' id='word_1_430' title='bbox 2590 3669 2862 3734; x_wconf 83' lang='lat' dir='ltr'><strong>fragments</strong></span> <span class='ocrx_word' id='word_1_431' title='bbox 2913 3686 2982 3720; x_wconf 89' lang='lat' dir='ltr'><strong>on</strong></span> 
     </span>
     <span class='ocr_line' id='line_1_57' title="bbox 1824 3753 2982 3818; baseline 0 -14"><span class='ocrx_word' id='word_1_432' title='bbox 1824 3755 1958 3804; x_wconf 89' lang='lat' dir='ltr'><strong>Heb.</strong></span> <span class='ocrx_word' id='word_1_433' title='bbox 1981 3755 2016 3802; x_wconf 88' lang='lat' dir='ltr'><strong>i.</strong></span> <span class='ocrx_word' id='word_1_434' title='bbox 2041 3753 2071 3802; x_wconf 93' lang='lat'><strong>6</strong></span> <span class='ocrx_word' id='word_1_435' title='bbox 2096 3754 2362 3818; x_wconf 84' lang='lat' dir='ltr'><strong>(Lagarde‚</strong></span> <span class='ocrx_word' id='word_1_436' title='bbox 2387 3754 2607 3802; x_wconf 85' lang='lat' dir='ltr'><strong>Analect.</strong></span> <span class='ocrx_word' id='word_1_437' title='bbox 2637 3755 2754 3812; x_wconf 77' lang='lat' dir='ltr'><strong>Syr.</strong></span> <span class='ocrx_word' id='word_1_438' title='bbox 2778 3768 2830 3817; x_wconf 90' lang='lat' dir='ltr'><strong>p.</strong></span> <span class='ocrx_word' id='word_1_439' title='bbox 2856 3757 2982 3814; x_wconf 72' lang='lat'>1085</span> 
     </span>
     <span class='ocr_line' id='line_1_58' title="bbox 1823 3833 2323 3898; baseline -0.004 -14"><span class='ocrx_word' id='word_1_440' title='bbox 1823 3836 2090 3889; x_wconf 84' lang='lat' dir='ltr'><strong>Fritzsche‚</strong></span> <span class='ocrx_word' id='word_1_441' title='bbox 2118 3851 2166 3898; x_wconf 93' lang='lat' dir='ltr'><strong>p.</strong></span> <span class='ocrx_word' id='word_1_442' title='bbox 2199 3833 2323 3896; x_wconf 88' lang='lat'><strong>161).</strong></span> 
     </span>
    </p>

    <p class='ocr_par' dir='ltr' id='par_1_21' title="bbox 1818 3915 2982 4547">
     <span class='ocr_line' id='line_1_59' title="bbox 1891 3915 2977 3981; baseline -0.002 -14"><span class='ocrx_word' id='word_1_443' title='bbox 1891 3933 1962 3981; x_wconf 89' lang='lat'><strong>19.</strong></span> <span class='ocrx_word' id='word_1_444' title='bbox 2010 3917 2216 3965; x_wconf 77' lang='lat' dir='ltr'><strong>transiit</strong></span> <span class='ocrx_word' id='word_1_445' title='bbox 2233 3916 2434 3965; x_wconf 80' lang='lat' dir='ltr'><strong>ueroad</strong></span> <span class='ocrx_word' id='word_1_446' title='bbox 2449 3915 2703 3976; x_wconf 79' lang='lat' dir='ltr'><strong>diuinam]</strong></span> <span class='ocrx_word' id='word_1_447' title='bbox 2738 3915 2977 3977; x_wconf 77' lang='lat' dir='ltr'><strong>Heb.i.2,</strong></span> 
     </span>
     <span class='ocr_line' id='line_1_60' title="bbox 1822 3991 2975 4062; baseline -0.003 -14"><span class='ocrx_word' id='word_1_448' title='bbox 1822 4015 1865 4062; x_wconf 88' lang='lat'><strong>3,</strong></span> <span class='ocrx_word' id='word_1_449' title='bbox 1905 4001 1951 4054; x_wconf 88' lang='lat'><strong>8,</strong></span> <span class='ocrx_word' id='word_1_450' title='bbox 1988 4015 2058 4055; x_wconf 89' lang='lat'><strong>10,</strong></span> <span class='ocrx_word' id='word_1_451' title='bbox 2097 3995 2154 4045; x_wconf 89' lang='grc' dir='ltr'><strong>δι’</strong></span> <span class='ocrx_word' id='word_1_452' title='bbox 2186 3991 2238 4044; x_wconf 84' lang='grc' dir='ltr'><strong>οὖ</strong></span> <span class='ocrx_word' id='word_1_453' title='bbox 2264 3998 2340 4045; x_wconf 72' lang='grc' dir='ltr'><strong>καὶ</strong></span> <span class='ocrx_word' id='word_1_454' title='bbox 2364 3997 2590 4055; x_wconf 78' lang='grc' dir='ltr'>ἐποίησεν</span> <span class='ocrx_word' id='word_1_455' title='bbox 2612 3996 2721 4045; x_wconf 75' lang='grc' dir='ltr'><strong><em>τοὺς</em></strong></span> <span class='ocrx_word' id='word_1_456' title='bbox 2742 3992 2975 4045; x_wconf 72' lang='grc' dir='ltr'><strong><em>αἰῶνας...</em></strong></span> 
     </span>
     <span class='ocr_line' id='line_1_61' title="bbox 1819 4075 2981 4140; baseline -0.002 -11"><span class='ocrx_word' id='word_1_457' title='bbox 1819 4080 1882 4129; x_wconf 77' lang='grc' dir='ltr'><strong>ὢν</strong></span> <span class='ocrx_word' id='word_1_458' title='bbox 1913 4078 2212 4140; x_wconf 78' lang='grc' dir='ltr'>ἀπαύγασμα</span> <span class='ocrx_word' id='word_1_459' title='bbox 2243 4076 2326 4137; x_wconf 82' lang='grc' dir='ltr'><strong>τῆς</strong></span> <span class='ocrx_word' id='word_1_460' title='bbox 2357 4075 2511 4137; x_wconf 78' lang='grc' dir='ltr'><strong><em>δόξης,</em></strong></span> <span class='ocrx_word' id='word_1_461' title='bbox 2544 4076 2788 4127; x_wconf 79' lang='grc' dir='ltr'><strong><em>κ.τ.λ....ὀ</em></strong></span> <span class='ocrx_word' id='word_1_462' title='bbox 2820 4078 2981 4138; x_wconf 71' lang='grc' dir='ltr'><strong><em>θρόνος</em></strong></span> 
     </span>
     <span class='ocr_line' id='line_1_62' title="bbox 1821 4156 2982 4221; baseline -0.001 -12"><span class='ocrx_word' id='word_1_463' title='bbox 1821 4178 1922 4221; x_wconf 83' lang='grc' dir='ltr'><strong><em>σου,</em></strong></span> <span class='ocrx_word' id='word_1_464' title='bbox 1958 4160 1984 4209; x_wconf 80' lang='grc' dir='ltr'>ὁ</span> <span class='ocrx_word' id='word_1_465' title='bbox 2019 4161 2140 4215; x_wconf 84' lang='grc' dir='ltr'><em>θεός,</em></span> <span class='ocrx_word' id='word_1_466' title='bbox 2174 4162 2236 4209; x_wconf 81' lang='grc' dir='ltr'><strong>εἰς</strong></span> <span class='ocrx_word' id='word_1_467' title='bbox 2269 4158 2352 4207; x_wconf 85' lang='grc' dir='ltr'><strong>τὸν</strong></span> <span class='ocrx_word' id='word_1_468' title='bbox 2381 4157 2532 4208; x_wconf 77' lang='grc' dir='ltr'><strong><em>αἰῶνα</em></strong></span> <span class='ocrx_word' id='word_1_469' title='bbox 2562 4157 2650 4206; x_wconf 67' lang='grc' dir='ltr'><strong>τοί</strong></span> <span class='ocrx_word' id='word_1_470' title='bbox 2681 4156 2982 4209; x_wconf 77' lang='grc' dir='ltr'><strong><em>αἰῶνος...σύ</em></strong></span> 
     </span>
     <span class='ocr_line' id='line_1_63' title="bbox 1820 4236 2979 4302; baseline -0.003 -13"><span class='ocrx_word' id='word_1_471' title='bbox 1820 4239 1926 4289; x_wconf 82' lang='grc' dir='ltr'><strong>κατ’</strong></span> <span class='ocrx_word' id='word_1_472' title='bbox 1973 4237 2137 4302; x_wconf 70' lang='grc' dir='ltr'>ἀρχάς,</span> <span class='ocrx_word' id='word_1_473' title='bbox 2178 4236 2320 4301; x_wconf 83' lang='grc' dir='ltr'>κύριε,</span> <span class='ocrx_word' id='word_1_474' title='bbox 2366 4240 2456 4297; x_wconf 80' lang='grc' dir='ltr'><strong>τὴν</strong></span> <span class='ocrx_word' id='word_1_475' title='bbox 2501 4237 2597 4299; x_wconf 79' lang='grc' dir='ltr'><strong>γῆν</strong></span> <span class='ocrx_word' id='word_1_476' title='bbox 2639 4240 2979 4296; x_wconf 75' lang='grc' dir='ltr'><strong><em>ἐθεμελίωσας.</em></strong></span> 
     </span>
     <span class='ocr_line' id='line_1_64' title="bbox 1819 4317 2981 4383; baseline -0.003 -13"><span class='ocrx_word' id='word_1_477' title='bbox 1819 4322 1902 4373; x_wconf 91' lang='lat' dir='ltr'><strong>On</strong></span> <span class='ocrx_word' id='word_1_478' title='bbox 1935 4322 2018 4370; x_wconf 88' lang='lat' dir='ltr'><strong>the</strong></span> <span class='ocrx_word' id='word_1_479' title='bbox 2046 4321 2189 4370; x_wconf 88' lang='lat' dir='ltr'><strong>other</strong></span> <span class='ocrx_word' id='word_1_480' title='bbox 2212 4321 2363 4379; x_wconf 86' lang='lat' dir='ltr'><strong>hand,</strong></span> <span class='ocrx_word' id='word_1_481' title='bbox 2406 4336 2568 4368; x_wconf 88' lang='lat' dir='ltr'><strong>verses</strong></span> <span class='ocrx_word' id='word_1_482' title='bbox 2597 4336 2636 4379; x_wconf 90' lang='lat'><strong>1,</strong></span> <span class='ocrx_word' id='word_1_483' title='bbox 2668 4339 2714 4381; x_wconf 78' lang='lat'><strong>4,</strong></span> <span class='ocrx_word' id='word_1_484' title='bbox 2743 4317 2789 4379; x_wconf 88' lang='lat'><strong>6,</strong></span> <span class='ocrx_word' id='word_1_485' title='bbox 2818 4333 2867 4383; x_wconf 83' lang='lat'><strong>9,</strong></span> <span class='ocrx_word' id='word_1_486' title='bbox 2902 4334 2981 4382; x_wconf 80' lang='lat'><strong>13,</strong></span> 
     </span>
     <span class='ocr_line' id='line_1_65' title="bbox 1818 4399 2981 4465; baseline -0.002 -13"><span class='ocrx_word' id='word_1_487' title='bbox 1818 4404 1984 4452; x_wconf 88' lang='lat' dir='ltr'><strong>would</strong></span> <span class='ocrx_word' id='word_1_488' title='bbox 2022 4404 2189 4461; x_wconf 88' lang='lat' dir='ltr'><strong>relate,</strong></span> <span class='ocrx_word' id='word_1_489' title='bbox 2231 4401 2501 4465; x_wconf 86' lang='lat' dir='ltr'><strong>according</strong></span> <span class='ocrx_word' id='word_1_490' title='bbox 2546 4408 2599 4449; x_wconf 84' lang='lat' dir='ltr'><strong>to</strong></span> <span class='ocrx_word' id='word_1_491' title='bbox 2644 4399 2758 4459; x_wconf 76' lang='lat' dir='ltr'><strong>Th..</strong></span> <span class='ocrx_word' id='word_1_492' title='bbox 2801 4408 2854 4448; x_wconf 90' lang='lat' dir='ltr'><strong>to</strong></span> <span class='ocrx_word' id='word_1_493' title='bbox 2893 4399 2981 4450; x_wconf 86' lang='lat' dir='ltr'><strong>the</strong></span> 
     </span>
     <span class='ocr_line' id='line_1_66' title="bbox 1819 4485 2298 4547; baseline 0 -16"><span class='ocrx_word' id='word_1_494' title='bbox 1819 4485 1957 4532; x_wconf 74' lang='lat' dir='ltr'><strong>homo</strong></span> <span class='ocrx_word' id='word_1_495' title='bbox 1978 4491 2229 4547; x_wconf 77' lang='lat' dir='ltr'><strong>susceptus.</strong></span> <span class='ocrx_word' id='word_1_496' title='bbox 2292 4502 2298 4510; x_wconf 88' lang='lat'><strong>·</strong></span> 
     </span>
    </p>
   </div>
  </div>
 </body>
</html>
