3293 5233
348 376 437 441 II.
478 392 532 459 5,
562 377 653 463 6.]
1152 391 1234 443 IN
1284 392 1388 443 ΕΡ.
1434 392 1539 443 AD
1586 391 1953 444 EPHEsms.
2637 392 2750 458 145

344 562 569 628 retulit
620 573 844 628 autem
900 564 1058 629 illud
1113 566 1198 629 ad
1254 565 1652 648 principium
1706 566 1907 630 uerbi.
1996 566 2090 629 sic
2150 565 2328 629 enim
2381 564 2642 648 coepit:
2699 575 2765 629 et

344 686 459 728 uos
512 687 656 731 cum
713 668 931 732 essetis
995 667 1240 732 mortui
1293 667 1543 730 defictis
1611 677 1677 730 et
1731 666 2008 750 peccatis
2078 667 2329 731 uestris.
2441 667 2617 730 unde
2692 675 2762 729 et

347 766 671 833 inter-iecit
729 778 962 847 cetera,
1023 789 1194 852 quae
1255 769 1577 833 malitiam
1639 790 1868 833 eorum
1929 769 2391 833 uehementem
2452 772 2761 851 poterant

345 869 710 935 ostendere.
799 872 1153 954 resumpsit
1198 871 1435 935 iterum
1479 870 1640 934 illud
1690 872 1755 934 in
1806 871 1915 935 illa
1961 872 2335 935 narratione
2379 869 2760 933 donationis

346 964 494 1043 Dei,
549 968 719 1034 ultra
774 993 907 1047 non
960 974 1189 1036 dicens
1249 993 1377 1048 uos,
1429 973 1547 1036 sed
1609 974 1772 1048 noh·
1816 983 1891 1038 ut
1942 973 2255 1037 ostendat
2314 973 2632 1055 quoniam
2691 979 2761 1035 et
2833 988 2866 1055 5

345 1071 669 1136 malitiam
723 1077 1035 1140 aestimat
1085 1097 1230 1140 esse
1288 1096 1714 1140 communem
1776 1086 1844 1141 et
1900 1079 2185 1161 gratiam
2240 1075 2556 1141 similiter.
2645 1096 2761 1140 eos

344 1181 569 1236 autem
600 1177 712 1258 qui
744 1175 1123 1241 huiusmodi
1156 1187 1346 1241 erant
1376 1178 1536 1262 quid
1570 1178 1772 1242 fecit?

472 1343 956 1428 conuiuzficauit
987 1343 1257 1410 Christe.

476 1488 691 1543 totum
724 1482 1016 1545 reddidit
1045 1481 1595 1564 praecedentibus
1637 1480 1766 1544 illis
1813 1501 1984 1564 quae
2030 1481 2116 1544 de
2166 1480 2430 1546 Christo
2478 1482 2759 1558 dixerat,

345 1584 706 1646 ostendens
765 1586 1081 1666 quoniam
1143 1586 1682 1648 communionem
1744 1585 1828 1648 ad
1892 1605 2043 1648 eum
2104 1584 2427 1648 habemus
2479 1594 2618 1649 tam
2672 1606 2761 1649 ex
2798 1600 2876 1647 10

345 1686 777 1752 similitudine
810 1698 1084 1752 naturae
1114 1709 1316 1771 quam
1349 1710 1438 1752 ex
1470 1690 1898 1772 copulatione
1929 1691 2438 1756 resurrectionis

475 1790 718 1854 deinde
748 1792 953 1855 adicit
981 1793 1472 1855 resurrectionis
1502 1793 1756 1856 lucrum
1785 1818 1799 1858 :

462 1959 698 2040 gratia
727 1959 879 2023 estis
903 1961 1163 2024 saluati.

477 2094 619 2158 uult
678 2096 896 2160 dicere
958 2098 1274 2180 quoniam
1338 2099 1649 2163 ‘suscitat
1709 2121 1845 2175 uOS,
1908 2109 1983 2164 ut
2055 2099 2227 2164 ultra
2301 2099 2581 2165 salutem
2644 2121 2762 2183 per

344 2196 627 2276 gratiam
661 2198 1059 2280 adquiratis!
1149 2201 1465 2264 ‘salutem
1486 2202 1501 2227 '
1534 2203 1838 2265 nominat
1869 2201 2056 2279 hanc,
2093 2202 2156 2265 id
2191 2211 2308 2277 est,
2342 2207 2449 2264 ‘ut
2481 2222 2564 2264 ne
2588 2200 2758 2265 ultra
2795 2218 2864 2284 15

344 2320 465 2382 pro
488 2300 746 2364 delictis
772 2323 1056 2384 poenam
1084 2305 1373 2386 aliquam
1398 2307 1771 2387 expectetis
1796 2305 1837 2381 ;'
1863 2326 1944 2368 eo
1967 2307 2145 2388 quod
2173 2315 2239 2369 et
2265 2304 2757 2388 ‘perditionem’

342 2406 571 2470 diuina
624 2408 947 2489 scriptura
999 2429 1284 2490 poenam
1347 2410 1692 2473 nominare
1752 2410 2113 2474 consueuit.
2203 2410 2373 2472 sicut
2426 2408 2758 2471 Dominus

345 2506 411 2569 in
458 2506 819 2588 euangeliis
867 2508 1069 2572 dicit:
1121 2509 1333 2573 timete
1379 2512 1594 2592 magis
1633 2511 1821 2574 illum
1867 2510 1985 2593 qui
2014 2519 2223 2593 potest
2265 2520 2327 2574 et
2368 2509 2664 2573 animam
2699 2518 2762 2573 et

339 2623 563 2695 corpus
576 2612 843 2696 perdere
887 2612 957 2677 in
990 2613 1365 2697 gehennam.
1456 2616 1571 2678 sed
1620 2636 1796 2678 nunc
1842 2613 2001 2679 illud
2050 2614 2421 2679 euidentius
2451 2613 2644 2690 dixit,
2677 2634 2758 2677 eo

343 2717 520 2798 quod
555 2727 623 2780 et
655 2717 1085 2800 inperfectum
1119 2718 1244 2781 hoc
1277 2720 1342 2781 in
1374 2718 1521 2782 loco
1552 2738 1819 2781 sensum
1864 2718 2164 2799 reliquit3
2211 2718 2413 2782 adicit
2446 2717 2556 2781 illa
2586 2737 2757 2801 quae
2786 2741 2871 2788 20

343 2828 708 2899 sequuntur
754 2817 913 2882 illud
963 2820 1215 2883 dictum
1266 2822 1445 2903 quod
1492 2822 1670 2884 dixit
1705 2819 2188 2903 conuiuzficavit
2236 2818 2503 2885 Christe.
2594 2821 2755 2903 quid

341 2921 616 2985 dicens?

468 3096 533 3149 et
574 3088 1097 3152 conresuscz‘tauit
1139 3100 1201 3152 et
1244 3089 1564 3153 consedere
1604 3091 1774 3171 fecit
1830 3090 1901 3152 in
1958 3090 2322 3152 caelestibus
2372 3090 2443 3153 in
2501 3088 2758 3154 Christo

341 3191 504 3255 Iesu.

472 3310 659 3373 uides
690 3308 1006 3392 quoniam
1041 3309 1151 3373 illa
1198 3330 1370 3392 quae
1416 3310 1593 3373 dixit
1633 3311 1721 3372 de
1775 3308 2056 3386 Christ0,
2108 3308 2235 3371 illis
2267 3330 2387 3372 nos
2434 3310 2529 3372 ait
2574 3329 2752 3371 com·
2780 3333 2860 3399 25

343 3415 712 3476 municasse
744 3434 862 3496 per
885 3413 1063 3475 illam
1089 3433 1260 3495 quae
1285 3414 1460 3495 apud
1494 3433 1645 3477 eum
1673 3421 1774 3476 est
1798 3414 2360 3491 coniunctionem;
2394 3415 2752 3477 ostendens

443 3655 461 3688 1
500 3639 634 3703 cepit
661 3640 706 3689 C
711 3639 738 3665 ⁴
762 3641 830 3690 H
1003 3654 1031 3701 3
1066 3647 1115 3689 et
1139 3639 1368 3704 (bescet.)
1391 3642 1498 3690 add
1513 3642 1579 3690 H
1748 3659 1775 3702 4
1812 3641 2107 3690 donationes
2135 3642 2178 3690 C
2191 3643 2258 3690 H
2421 3637 2451 3688 6
2487 3639 2749 3688 aestimant

244 3716 252 3723 ’
343 3721 388 3770 C
407 3720 472 3769 H
624 3736 672 3769 ιι
713 3720 1088 3770 similitudinem
1110 3722 1176 3770 H
1329 3736 1384 3784 15
1422 3723 1554 3772 idern
1580 3722 1696 3786 (fhr
1719 3723 1767 3771 id
1793 3724 1884 3784 est)
1915 3724 1959 3771 C
1980 3724 2045 3772 H
2193 3736 2251 3789 ¹9
2283 3724 2512 3786 gehenna
2538 3725 2582 3774 C
2603 3723 2749 3787 (corr)

369 3798 377 3863 Ι
405 3800 684 3849 euidentius
705 3801 829 3849 illud
853 3802 912 3849 H
1085 3819 1142 3852 21
1183 3803 1355 3867 inquid
1381 3801 1460 3866 (sc.
1486 3802 1665 3867 inquit)
1696 3804 1740 3852 C
1759 3801 1906 3865 (corr)
1930 3802 2064 3867 quod
2089 3803 2155 3851 H

339 3990 409 4037 εἰς
438 3984 528 4046 τὴν
558 3983 715 4047 ἀρχὴν
741 3987 826 4035 τοῦ
856 3988 1008 4047 λόγου
1038 3990 1301 4050 ἀναγαγὼν
1327 3989 1493 4038 τοῦτο·
1593 3998 1853 4053 coeperat:
1907 3995 1989 4039 ‘et
2032 4006 2121 4040 uos
2164 4006 2278 4039 cum
2312 3989 2483 4038 essetis
2526 3988 2749 4038 mortui’.

340 4068 371 4117 i.
389 4083 455 4127 e.,
494 4082 538 4113 v.
578 4080 604 4126 5
641 4066 781 4115 takes
814 4083 882 4131 up
923 4066 1006 4116 the
1051 4068 1224 4117 thread
1259 4068 1319 4117 of
1356 4086 1400 4118 v.
1447 4087 1492 4130 1,
1595 4085 1759 4123 cetera
1802 4075 2061 4134 interiecit,
2098 4075 2260 4123 donec
2304 4075 2482 4123 iterum
2516 4073 2637 4121 illud
2677 4089 2749 4122 re-

338 4167 420 4200 vv.
449 4166 578 4210 2-—4
601 4149 750 4212 being
783 4150 1107 4213 parenthetic.
1177 4153 1247 4202 So
1272 4154 1490 4217 Thpht.:
1593 4157 1819 4219 sumpsit,
1845 4156 1974 4205 ultra
1996 4172 2098 4205 non
2116 4157 2286 4205 dicens
2308 4173 2391 4204 vos
2412 4156 2499 4204 sed
2522 4153 2663 4203 nos.’'

337 4231 553 4282 ἐνταῦθα.
579 4230 610 4289 ή
638 4227 864 4280 ἀπόδοσις
898 4233 983 4279 τοῦ
1012 4233 1197 4281 ἄνωθεν
1231 4237 1496 4295 ἀρξαμένου
1667 4238 1736 4283 18.
1811 4236 1866 4283 in
1889 4236 2173 4298 euangeliis]
2223 4237 2370 4284 Matt.
2398 4252 2444 4282 x.
2473 4238 2534 4284 28
2560 4236 2749 4299 (Vulg.,

339 4317 598 4373 νοήματος,
660 4315 724 4361 τὰ
778 4314 831 4362 δὲ
894 4311 1027 4361 ἄλλα.
1095 4317 1492 4377 παρεμβέβλητο.
1597 4313 1800 4378 nearly).
1867 4317 1963 4365 See
1984 4317 2161 4373 above,
2188 4333 2234 4381 p.
2266 4315 2310 4376 6,
2341 4317 2373 4365 l.
2404 4314 2450 4375 6,
2481 4326 2614 4365 note.

337 4398 458 4448 And
495 4397 646 4446 Oce-2
699 4395 730 4456 ἠ
765 4394 1104 4458 ἀνταπόδοσις,
1144 4401 1270 4457 μετὰ
1303 4395 1494 4457 πολλὴν
1664 4412 1738 4456 25.
1819 4398 1921 4447 illis
1976 4414 2063 4446 nos
2115 4399 2190 4446 ait
2195 4435 2330 4447 .......
2340 4398 2753 4458 coniunctionem]

338 4481 631 4538 σύμφρασιν.
727 4477 974 4527 Lansranc
999 4476 1331 4526 abbreviates:
1374 4478 1493 4527 “sic
1598 4478 1745 4526 Cited
1771 4479 1835 4542 by
1862 4477 2124 4528 Lanfrauc.

516 4586 570 4634 S.
2504 4591 2581 4636 10
