3293 5233
329 366 461 435 111.
494 370 622 457 23.]
1134 384 1217 436 m
1266 384 1371 437 ΕΡ.
1417 385 1520 437 At>
1563 385 1917 439 GALATAs.
2090 406 2097 411 ,
2656 387 2734 454 53

324 551 642 633 licitudo;
714 553 1013 619 Domino
1075 555 1226 620 Deo
1284 555 1825 622 iustificationem
1876 556 2077 622 nobis
2120 576 2244 622 sua
2288 556 2738 622 misericordia

322 676 444 738 per
481 657 685 722 fidem
722 658 1035 735 donante,
1075 659 1444 723 secundum
1483 680 1679 724 suum
1720 660 2143 743 promissum.
2234 660 2412 725 unde
2441 670 2511 726 et
2539 680 2736 744 apos-

320 758 499 824 tolus
558 760 940 844 frequenter
997 760 1199 826 fidem
1258 763 1545 845 gratiam
1601 763 1957 827 nominans
2009 761 2403 828 manifestus
2455 772 2574 829 est.
2663 772 2734 828 et

321 862 492 927 sicut
540 863 701 940 dixi,
755 864 948 928 sicuti
994 872 1063 928 et
1104 864 1172 928 in
1218 866 1553 947 praesenti
1599 863 1884 948 epistola
1923 865 2493 949 inperfectioribus
2533 865 2732 931 dicit:

321 966 533 1030 miror
569 968 746 1050 quod
784 968 882 1032 sic
919 966 1043 1031 cito
1088 967 1584 1049 transferimini
1617 968 1702 1032 ab
1739 989 1807 1032 eo
1849 968 1969 1051 qui
2008 969 2269 1033 uocauit
2308 989 2424 1033 uos
2464 969 2537 1033 in
2564 991 2731 1053 gra-
2802 979 2835 1045 5

318 1068 483 1132 tiam
526 1069 814 1147 clama,-
858 1069 1163 1135 similiter
1205 1071 1435 1154 itaque
1478 1080 1547 1136 et
1588 1073 1657 1135 in
1702 1073 2037 1154 praesenti
2078 1092 2385 1137 sermone
2423 1073 2730 1138 nominat

318 1171 591 1252 ‘fidem,'
636 1174 766 1241 hoc
811 1175 1039 1240 dicens
1090 1175 1411 1257 quoniam
1460 1176 1651 1239 ‘ante
1701 1173 1948 1239 Christi
1997 1175 2384 1251 aduentum,
2417 1186 2486 1240 et
2516 1176 2730 1259 prius-

316 1298 516 1360 quam
573 1280 766 1345 nobis
815 1279 943 1344 ista
994 1279 1307 1343 adessent
1360 1298 1534 1361 quae
1587 1297 1766 1342 nunc
1816 1278 2153 1361 adquisita
2187 1287 2345 1343 sunt
2385 1298 2507 1361 per
2544 1299 2723 1360 eum,

316 1399 579 1444 eramus
649 1381 777 1447 sub
837 1381 1006 1464 legis
1081 1381 1387 1445 doctrina
1454 1379 1794 1459 custoditi,
1870 1381 1966 1444 ita
2026 1389 2101 1445 ut
2176 1400 2525 1463 possemus
2596 1381 2726 1445 ista

313 1491 616 1566 tempore
646 1486 925 1568 adsequi
956 1484 1385 1567 competenti.
1463 1484 1786 1547 uirtutum
1817 1483 1995 1546 enim
2025 1483 2331 1547 doctrina
2360 1491 2428 1547 et
2456 1482 2723 1547 diuinae
2758 1494 2838 1543 10

311 1588 709 1670 cognitionis
777 1588 1295 1653 communicatio
1372 1585 1739 1651 secundu'm
1809 1582 2082 1669 [legem]
2152 1584 2487 1659 diuinam,
2526 1585 2722 1651 nobis

310 1689 618 1769 aderant;
663 1700 732 1755 et
767 1689 1242 1774 prophetarum
1281 1686 1674 1772 prophetiae
1714 1708 1754 1751 a
1801 1684 2005 1770 longo
2040 1697 2343 1770 ternpore
2380 1706 2502 1750 nos
2533 1706 2721 1769 prae-

311 1793 674 1858 monebant
733 1803 1091 1877 expectare
1153 1791 1515 1867 Christum,
1548 1799 1746 1873 aptos
1797 1810 1917 1853 nos
1966 1791 2054 1853 ad
2095 1809 2324 1854 eorum
2354 1789 2721 1872 susceptio·

308 1914 465 1958 nem
524 1917 669 1961 esse
727 1897 1063 1974 facientes,
1130 1898 1225 1961 ita
1285 1903 1359 1960 ut
1418 1893 1683 1958 illorum
1735 1894 2039 1959 instructi
2086 1895 2406 1973 doctrina,
2462 1897 2717 1961 nullam

307 1997 523 2063 inesse
570 2001 939 2064 nouitatem
994 2001 1062 2064 in
1109 1998 1213 2063 his
1266 2018 1440 2081 quae
1492 2002 1729 2081 postea
1770 1995 2369 2063 manifestabantur
2406 1999 2719 2063 aestima·
2752 2009 2823 2076 15

308 2120 546 2179 remuS,
597 2102 894 2186 nihilque
947 2123 1092 2166 esse
1141 2111 1538 2166 extraneum
1587 2110 1706 2165 aut
1753 2121 2004 2176 nouum
2055 2102 2144 2166 de
2197 2102 2327 2167 illis
2379 2111 2717 2186 reputare-

308 2223 477 2285 muS,
530 2226 704 2288 quae
752 2214 1015 2288 praeter
1062 2225 1335 2270 omnem
1376 2204 1771 2269 accidebant
1809 2225 2017 2287 spem.
2107 2226 2195 2270 ex
2237 2207 2429 2271 nobis
2465 2210 2715 2273 etenim

304 2305 418 2387 qui
465 2306 591 2369 sub
640 2307 788 2391 lege
843 2328 1122 2386 eramuS,
1176 2308 1490 2391 adparuit
1541 2307 1863 2384 ChristuS,
1914 2318 1982 2372 et
2034 2328 2156 2372 nos
2193 2309 2442 2392 primos
2479 2309 2717 2376 habuit

304 2408 371 2470 in
423 2428 498 2472 se
547 2409 924 2488 credentes3
970 2411 1202 2493 sicque
1248 2431 1338 2475 ex
1388 2410 1581 2474 nobis
1629 2410 1698 2473 in
1747 2430 1986 2474 omnes
2029 2409 2332 2475 homines
2361 2433 2549 2476 suam
2596 2415 2713 2478 de-

303 2510 578 2576 fundere
626 2514 780 2578 fecit
826 2514 1296 2598 cognitionem.
1402 2533 1576 2596 quae
1618 2521 1967 2596 tamquam
2012 2515 2120 2577 uia
2164 2515 2437 2597 quidem
2485 2517 2714 2583 extitit
2741 2533 2826 2581 20

300 2616 609 2680 omnibus
657 2618 772 2700 qui
821 2638 974 2682 eum
1026 2626 1477 2701 susceperunt,
1531 2615 1649 2680 illa
1699 2637 1875 2699 quae
1927 2615 1994 2679 in
2043 2615 2193 2700 lege
2245 2627 2315 2683 et
2366 2619 2711 2703 prophetis
2786 2634 2791 2640 ’

299 2720 546 2802 scripta
605 2729 796 2785 erant
854 2721 942 2785 de
1001 2743 1124 2801 eo;
1200 2740 1407 2785 unum
1467 2720 1758 2803 quidem,
1824 2720 1981 2803 quia
2055 2723 2387 2805 segregati
2449 2745 2714 2788 eramus

2035 2896 2061 2949 7
2096 2888 2357 2938 dominum
2394 2889 2560 2951 [dnm]
2599 2891 2716 2955 (for

1151 2984 1183 3036 9
1217 2971 1495 3020 doctrinam
1516 2971 1582 3018 H
1604 2967 1613 3032 Ι
1640 2969 1884 3034 possimus
1911 2967 1990 3018 C*
2214 2984 2274 3022 xo
2305 2969 2539 3020 uirtutem
2568 2972 2613 3020 C
2617 2970 2645 2997 ⁴*
2677 2970 2687 3035 Ι

1373 3066 1430 3115 ¹3
1464 3051 1569 3100 eius
1604 3051 1722 3114 (fhr
1752 3052 1943 3111 eorum)
1985 3051 2030 3099 C
2058 3051 2207 3111 (corr)
2339 3064 2394 3114 15
2430 3052 2712 3105 aestimaret

1872 3144 1931 3195 19
1955 3130 2215 3180 disundere
2242 3130 2287 3180 C
2305 3132 2455 3191 (corr)
2479 3132 2546 3180 ll
2561 3133 2709 3193 (corr)

397 2901 425 2949 3
448 2904 588 2938 suam
612 2888 730 2952 (for
751 2889 922 2950 fidem)
951 2890 997 2939 C
1014 2890 1080 2938 H
1256 2908 1286 2951 4
1321 2887 1758 2953 inperfectionibus
1786 2887 1864 2936 C*

296 2970 530 3034 quoniam
568 2970 754 3036 [qr-im„
799 2972 843 3021 C
876 2973 942 3020 H

294 3050 451 3099 diuini
480 3052 525 3100 C
541 3052 609 3101 H
736 3067 788 3102 ιι
828 3052 988 3116 legem
1010 3067 1089 3101 om
1117 3053 1160 3102 C
1178 3053 1246 3101 H

294 3145 386 3182 nos
414 3131 460 3181 C
475 3132 544 3181 Η
636 3143 692 3196 17
726 3133 1031 3183 accedebant
1060 3135 1104 3183 C
1122 3133 1205 3196 [cf.
1237 3132 1384 3182 Hild.
1407 3131 1564 3197 Apul.
1589 3131 1623 3180 i.
1651 3129 1769 3193 316]

359 3293 406 3342 3.
460 3278 615 3342 fidem
655 3295 737 3342 gr.
772 3279 1043 3328 nominans
1076 3296 1139 3329 m.
1175 3278 1237 3340 e.]
1288 3279 1454 3328 πίστιν
1552 3277 1722 3326 whose
1752 3292 1842 3340 eye
1872 3291 1974 3326 was
2010 3275 2197 3341 testing
2218 3291 2285 3325 on
2306 3276 2511 3326 diuinae
2539 3278 2591 3327 in
2624 3278 2711 3330 the

292 3361 515 3420 φαίνεται
536 3355 626 3417 τὴν
646 3359 789 3420 χάριν
809 3359 1052 3420 ὀνομάζων
1075 3361 1153 3420 (Ρ).
1214 3360 1324 3409 The
1343 3360 1451 3423 jux·
1551 3361 1782 3422 previous
1812 3358 1926 3408 line.
1984 3356 2038 3406 If
2064 3358 2102 3406 it
2136 3358 2178 3408 is
2213 3366 2267 3407 to
2300 3358 2430 3423 keep
2469 3361 2535 3408 its
2566 3359 2710 3423 place

293 3442 560 3505 taposition
584 3441 797 3505 offidem
813 3444 1036 3504 gratiam
1059 3457 1219 3491 seems
1242 3449 1294 3489 to
1321 3440 1450 3488 have

292 3524 560 3588 perplexed
593 3524 678 3573 the
711 3524 944 3588 copyists,
989 3524 1105 3573 who
1149 3522 1446 3572 substituted

289 3620 432 3652 suam
466 3604 542 3652 for
574 3604 660 3653 the
692 3603 876 3653 former
909 3620 1058 3653 noun.
1135 3605 1197 3653 In
1221 3604 1305 3653 the
1328 3610 1445 3652 next

290 3683 454 3733 clause
486 3684 612 3733 sicut
639 3684 752 3733 dixi
781 3685 821 3733 is
856 3684 1183 3750 perplexing;
1222 3701 1290 3733 no
1326 3684 1447 3733 such

291 3764 485 3813 remark
522 3780 695 3814 occurs
733 3765 784 3813 in
824 3765 909 3814 the
943 3781 1124 3815 comm.
1160 3781 1226 3814 on
1260 3781 1302 3814 c.
1337 3765 1371 3813 i.
1397 3764 1444 3814 6.

289 3844 399 3894 The
434 3845 645 3910 original
684 3845 810 3895 form
850 3844 908 3895 of
940 3845 1024 3895 the
1062 3853 1293 3895 sentence
1332 3862 1447 3909 may

288 3927 414 3978 have
447 3927 576 3976 been
615 3929 715 3978 “et
748 3928 874 3978 sicut
907 3927 1031 3977 dixit
1063 3935 1113 3977 et
1143 3928 1194 3976 in
1224 3944 1296 3992 pr.
1326 3926 1446 3991 ep.’'

287 4010 713 4073 Inperfictiom'bm
748 4011 789 4059 is
834 4010 1057 4074 possibly
1100 4025 1164 4059 an
1211 4026 1345 4058 error
1388 4026 1446 4058 or

286 4092 560 4141 correction
584 4092 659 4141 sor
687 4092 790 4140 “in
813 4090 1198 4156 superioribus.’'

355 4189 430 4223 η.
497 4189 579 4223 sec.
624 4174 812 4236 [legem]
845 4172 1096 4234 diuinam]
1179 4174 1248 4223 So
1286 4174 1437 4231 Pitra,

284 4255 493 4304 without
536 4255 770 4305 however
805 4256 1029 4319 noticing
1067 4256 1175 4304 that
1215 4256 1359 4317 legem
1401 4256 1442 4305 is

284 4343 371 4385 not
409 4337 461 4385 in
497 4337 575 4386 his
610 4338 720 4387 MS.
798 4337 823 4385 1
860 4337 1047 4400 reprint
1087 4336 1163 4386 his
1195 4343 1311 4395 text,
1352 4337 1442 4386 but

284 4415 475 4466 consess
497 4417 680 4480 myself
706 4417 1002 4467 dissatisfied
1028 4416 1148 4465 with
1172 4416 1226 4465 it.
1290 4417 1439 4465 Dim·-

285 4514 404 4547 nam
435 4499 580 4550 looks
614 4500 717 4551 like
750 4501 835 4551 the
869 4499 1083 4551 blunder
1117 4499 1173 4549 os
1208 4516 1236 4548 a
1279 4499 1439 4549 scribe

1548 3443 1646 3491 and
1684 3458 1715 3490 a
1749 3457 1885 3491 noun
1921 3449 2053 3491 must
2088 3442 2152 3490 be
2189 3441 2439 3507 supplied,
2474 3442 2589 3507 why
2620 3453 2709 3494 not

1546 3539 1628 3571 sec.
1659 3522 1962 3571 dmtationem
1986 3522 2215 3571 diuinam
2238 3522 2263 3571 ?
2328 3523 2404 3572 Or
2430 3524 2609 3573 should
2634 3541 2708 3575 we

1547 3605 1667 3653 read
1701 3621 1787 3653 sec.
1822 3604 2056 3652 diuinum
2091 3620 2148 3653 or
2178 3605 2358 3653 diuina
2387 3604 2533 3668 (κατὰ
2565 3608 2706 3663 θεῖον,

1548 3685 1675 3734 κατὰ
1698 3687 1761 3733 τὰ
1784 3684 1907 3747 θεῖα)
1925 3685 1948 3732 ?

1618 3786 1689 3834 19.
1762 3768 2023 3833 defundere
2048 3768 2196 3833 ficit]
2240 3769 2577 3830 -κατήντληκεν
2622 3772 2702 3830 (ἳ).

1545 3852 1829 3916 ,Βῴιηᾶιντ
1849 3867 2060 3916 appears
2082 3858 2135 3900 to
2158 3852 2222 3900 be
2251 3850 2579 3900 intransitive.
2643 3853 2705 3901 In

1546 3933 1630 3982 the
1670 3941 1787 3981 next
1821 3941 2053 3982 sentence
2096 3933 2233 3981 Pitra
2261 3932 2478 3996 changes
2512 3934 2705 3996 quidem

1545 4012 1651 4061 into
1687 4011 1937 4075 quaedam,
1977 4011 2078 4061 and
2112 4011 2288 4060 inserts
2316 4011 2579 4059 secundum
2618 4011 2704 4059 be-

1545 4091 1649 4140 fore
1672 4093 1776 4141 illa.
1863 4091 1964 4140 His
1996 4091 2245 4155 suspicion
2280 4091 2388 4139 that
2422 4089 2704 4154 something

1543 4172 1634 4220 has
1658 4173 1784 4222 been
1819 4172 1915 4221 lost
1948 4188 2106 4221 seems
2140 4179 2193 4220 to
2226 4172 2290 4221 be
2325 4172 2702 4220 needless—the

1544 4269 1685 4302 sense
1724 4254 1766 4302 is
1802 4253 1962 4303 clear:
2011 4253 2125 4301 ‘the
2156 4252 2260 4302 first
2296 4252 2537 4301 believers
2571 4267 2702 4301 were

1542 4336 1622 4385 led
1650 4343 1702 4384 to
1726 4336 1891 4385 Christ
1915 4337 1982 4397 by
2005 4336 2088 4384 the
2114 4335 2345 4398 teaching
2373 4334 2433 4384 of
2458 4335 2544 4385 the
2579 4335 2700 4384 Law

1542 4416 1641 4464 ancl
1664 4416 1751 4468 the
1774 4414 2051 4480 Prophets.’
