3293 5233
510 386 637 449 282
1158 398 1613 452 THEoDoRus
1661 397 2246 451 MOPSUESTENUS
2444 384 2527 471 [1.
2559 387 2828 468 29—11.
2869 401 2917 450 1.

506 567 758 631 tionem
803 587 923 650 per
965 568 1148 633 illam
1194 590 1366 652 quae
1411 569 1477 633 in
1525 588 1607 633 eo
1646 578 1749 634 est
1779 568 2021 633 fidem!
2097 563 2639 651 ‘perfectionem’
2673 565 2920 631 etenim

507 668 801 733 futurum
847 681 1098 735 statum
1144 682 1343 736 uocat
1388 682 1457 736 et
1501 672 1566 734 in
1622 671 1735 735 illa
1787 669 2070 753 epistola
2131 691 2333 753 quam
2380 672 2465 735 ad
2514 669 2809 747 Galatas,
2853 679 2926 734 et

508 769 575 831 in
623 770 749 833 ista
801 791 1004 853 quam
1058 774 1144 836 ad
1200 771 1528 854 Ephesios
1588 775 1927 855 scripsisse
1980 773 2283 848 uidetur3
2357 773 2462 836 cui
2507 774 2712 836 statui
2759 771 2925 836 nihil

507 872 666 935 boni
707 874 939 936 deesse
980 874 1324 939 uidebitur.
1417 885 1485 938 et
1516 877 1835 959 quoniam
1870 876 2095 938 omnia
2137 876 2264 938 ista
2303 877 2389 939 ad
2432 875 2591 939 illud
2627 874 2927 939 retitulat

448 980 478 1047 5
510 974 689 1054 quod
714 975 1006 1037 dixerat:
1037 996 1208 1038 nunc
1222 976 1476 1058 gaudeo
1506 977 1577 1040 in
1592 977 2007 1059 passionibus
2020 989 2146 1060 pro
2169 977 2361 1054 uobis,
2384 978 2656 1046 resumit
2686 979 2925 1041 iterum

510 1074 673 1137 illud
700 1096 714 1139 ε

642 1240 714 1305 in
758 1264 879 1324 quo
920 1255 983 1308 et
1025 1245 1239 1309 laboro
1288 1246 1357 1310 in
1402 1269 1603 1331 agone
1630 1249 1886 1331 positus
1926 1249 2270 1314 secundum
2307 1249 2727 1332 operationem
2772 1250 2926 1327 eius,

512 1369 709 1431 quam
754 1359 1047 1431 operatus
1087 1361 1183 1415 est
1225 1351 1295 1415 in
1342 1373 1440 1415 me
1485 1352 1554 1415 in
1600 1353 1861 1417 uirtute.

648 1494 802 1572 ‘pro
864 1491 967 1555 his
1038 1490 1298 1575 (inquit)
1367 1502 1435 1556 et
1498 1492 1798 1558 laborare
1860 1495 2075 1575 cupi0,
2130 1495 2520 1559 omnimodo
2581 1497 2929 1559 decertans

416 1607 493 1654 10
519 1601 790 1675 propter
832 1595 1150 1657 tributam
1218 1595 1380 1658 mihi
1448 1597 1534 1659 ad
1602 1597 1730 1659 hoc
1796 1599 2114 1662 uirtutem
2176 1600 2261 1662 de
2320 1595 2545 1662 cae10.’
2637 1597 2929 1661 inveniet

518 1710 743 1763 autem
806 1699 951 1783 quis
1015 1710 1082 1763 et
1144 1699 1270 1763 hoc
1333 1720 1450 1782 per
1510 1700 1735 1763 omnia
1787 1700 2003 1764 simile
2055 1723 2198 1765 esse
2251 1703 2614 1765 secundum
2661 1721 2930 1766 sensum

520 1801 695 1864 illius
741 1802 1079 1882 epistolae,
1113 1821 1317 1884 quam
1355 1803 1441 1865 ad
1491 1802 1817 1884 Ephesios
1862 1804 2198 1886 scripsisse
2246 1805 2524 1879 uidetur,
2565 1803 2676 1867 ubi
2719 1804 2932 1866 dixit:

518 1901 714 1965 huius
748 1903 857 1988 ¹rei
883 1903 1116 1984 gratia
1159 1924 1268 1985 ego
1311 1903 1568 1966 Paulus
1611 1904 1868 1967 uinctus
1923 1904 2177 1971 Christi
2215 1905 2378 1982 Iesu,
2427 1914 2494 1968 et
2537 1915 2774 1970 cetera.
2864 1915 2934 1969 et

521 2005 837 2084 quoniam
884 2006 1175 2068 ostendit
1219 2005 1564 2069 euidenter
1613 2007 1738 2070 sibi
1797 2017 2175 2090 competere
2226 2027 2348 2089 pro
2392 2006 2496 2069 his
2540 2006 2931 2082 doctrinam,

418 2114 489 2181 15
521 2107 847 2188 siquidem
900 2109 1201 2188 gentium
1255 2108 1692 2171 ministerium
1754 2109 2182 2171 commissum
2243 2108 2484 2171 habere
2546 2108 2808 2170 uidetur
2866 2116 2935 2170 et

520 2212 588 2273 in
651 2211 777 2274 hoc
829 2231 869 2273 a
923 2212 1073 2274 Deo
1134 2222 1393 2275 creatus
1455 2223 1573 2286 est,
1623 2211 2002 2275 satisfacere
2064 2221 2376 2294 properat
2439 2211 2549 2289 eiS‚
2615 2210 2932 2294 quoniam

521 2316 816 2378 nondum
863 2324 1133 2377 uenerat
1179 2316 1264 2378 ad
1312 2336 1466 2379 eos:

647 2488 786 2551 uolo
824 2488 994 2552 enim
1040 2511 1152 2554 uos
1191 2492 1365 2567 scire,
1413 2490 1664 2572 qualem
1708 2512 1972 2574 agonem
2016 2492 2280 2556 habeam
2312 2503 2437 2574 pro
2481 2489 2659 2555 uobis
2690 2500 2754 2554 et
2804 2490 2939 2554 illis

517 2596 633 2679 qui
682 2595 752 2659 iu
803 2595 1117 2659 Laodicia
1159 2604 1327 2673 sunt,
1373 2605 1434 2659 et
1473 2606 1775 2679 quotquot
1818 2618 1942 2659 uon
1988 2596 2296 2661 uiderunt
2325 2594 2573 2678 faciem
2611 2614 2817 2656 meam
2868 2592 2939 2657 in

411 2714 495 2762 20
516 2721 720 2764 carne.

618 2920 650 2963 4
683 2900 850 2950 retulit
873 2900 985 2965 (sor
1005 2900 1160 2963 retit.)
1186 2918 1216 2950 r
1461 2912 1486 2962 7
1523 2907 1571 2949 et
1594 2915 1672 2949 om
1695 2902 1763 2950 H
2005 2900 2035 2948 8
2070 2905 2301 2963 operatur
2324 2913 2430 2948 esse
2455 2898 2569 2963 (for
2587 2906 2820 2964 operatus
2843 2900 2938 2959 est)

521 2985 590 3034 H
603 2992 836 3048 operatur
856 3001 889 3032 r

594 3175 638 3211 1.
684 3161 1358 3227 perfi'ctionem...uidebiturJ
1413 3161 1679 3219 Lanfranc,
1847 3162 1892 3211 8.
1987 3176 2139 3224 quam
2175 3165 2398 3222 operatus
2435 3158 2523 3221 ess]
2590 3157 2680 3217 τὴν
2718 3160 2940 3220 ἐνεργου-

528 3245 591 3294 R.
618 3244 676 3293 of
692 3246 750 3292 B.
820 3244 952 3293 Both
976 3243 1098 3292 omit
1123 3245 1246 3293 etin
1271 3244 1649 3293 illa...uidetur.
1781 3245 1939 3303 μένην.
2014 3242 2093 3293 Cf.
2132 3259 2182 3306 p.
2222 3241 2326 3303 162,
2371 3243 2407 3291 l.
2439 3241 2485 3304 6,
2527 3249 2661 3292 note.
2731 3244 2794 3291 In
2839 3243 2941 3292 this

579 3324 1108 3389 petfictionem...fict.
1136 3330 1321 3372 statum
1348 3324 1505 3385 uocat]
1563 3323 1676 3371 Gal.
1783 3327 1926 3390 place
1961 3326 2044 3374 the
2092 3324 2241 3374 Latin
2277 3324 2497 3373 versions
2534 3324 2695 3389 partly
2730 3325 2812 3373 led
2853 3325 2940 3374 the

534 3407 604 3456 iii.
647 3407 723 3466 26,
760 3406 823 3457 iv.
870 3418 1022 3468 1—73
1076 3406 1207 3470 Eph.
1246 3407 1311 3454 iv.
1354 3420 1410 3469 ¹3
1448 3405 1552 3470 (pp.
1599 3404 1680 3461 61,
1784 3422 1893 3468 way
1928 3412 1980 3454 to
2024 3405 2110 3454 the
2153 3421 2302 3463 error,
2340 3405 2407 3468 by
2442 3405 2706 3470 rendering
2739 3410 2939 3469 “quam

529 3488 607 3549 62,
644 3488 767 3552 169).
1784 3485 2064 3551 operatur.”
2131 3487 2395 3547 Ambrstr.,
2424 3488 2670 3547 however,
2699 3487 2942 3549 correctly

593 3583 641 3626 4.
732 3564 976 3626 retimlat]
1045 3565 1139 3613 See
1162 3581 1241 3612 vv.
1267 3564 1322 3612 ll.
1391 3564 1502 3613 The
1524 3564 1682 3621 word,
1783 3568 1921 3632 gives
1953 3584 2078 3633 quae
2117 3576 2363 3632 operatur,
2415 3568 2532 3617 here
2565 3584 2619 3616 as
2653 3568 2766 3616 well
2799 3584 2854 3616 as
2887 3567 2941 3616 in

528 3646 572 3695 if
606 3646 836 3709 genuine,
895 3647 1239 3709 :recapitulat
1284 3642 1682 3704 (ἀνακεφαλαιοῦ-
1785 3650 1900 3700 Gal.
1928 3667 1974 3698 v.
2000 3649 2063 3709 63
2101 3650 2234 3713 Eph.
2260 3649 2328 3697 iii.
2357 3665 2435 3699 20.

531 3728 649 3788 ται).
718 3728 819 3776 For
847 3728 1053 3775 tilulare
1089 3744 1169 3777 see
1204 3730 1341 3776 Tert.
1369 3728 1487 3775 adu.
1516 3728 1681 3775 Alarc.
1856 3743 1930 3777 11.
1997 3735 2043 3777 et
2096 3730 2181 3777 leoc
2223 3736 2321 3792 per
2371 3729 2544 3776 omnia
2596 3729 2779 3783 simile.
2826 3728 2942 3791 &c.]

530 3812 563 3860 i.
603 3827 627 3858 2
638 3825 683 3874 5.
754 3811 894 3861 Th.’s
930 3811 1163 3875 meaning
1202 3812 1268 3860 is:
1319 3813 1415 3860 ἐἰς
1450 3809 1476 3858 ὅ
1509 3810 1572 3871 (v.
1602 3809 1680 3872 29)
1785 3810 1893 3870 i.e.,
1925 3810 2032 3859 Col.
2063 3810 2097 3858 i.
2126 3810 2302 3875 29—ii.
2335 3825 2361 3872 3
2397 3810 2723 3872 corresponds
2755 3809 2944 3872 closely

528 3896 654 3943 =els
696 3895 752 3942 τὸ
797 3894 1213 3953 ἀνταναπληροῦν,
1265 3895 1413 3942 κ.τ.λ.
1462 3893 1529 3952 (v.
1570 3894 1682 3953 24);
1786 3890 1907 3938 with
1949 3889 2082 3953 Eph.
2118 3889 2189 3937 iii.
2232 3905 2273 3945 1,
2316 3905 2372 3948 14
2396 3905 2494 3952 sq.;
2540 3889 2664 3938 both
2710 3905 2944 3953 passages

531 3992 694 4025 verses
720 3993 744 4025 2
752 3977 910 4039 5—28
937 3992 1019 4024 are
1043 3976 1093 4023 in
1116 3973 1458 4039 parenthesis.’
1788 3974 1923 4023 shew
1949 3976 2002 4022 S.
2030 3971 2192 4021 Paul's
2222 3979 2411 4020 earnest
2444 3971 2605 4020 desire
2628 3970 2704 4019 sor
2726 3971 2810 4019 the
2834 3987 2946 4034 per-

599 4072 644 4122 7.
735 4059 792 4106 in
847 4074 998 4121 agone
1045 4057 1258 4122 positus]
1327 4057 1684 4120 ἀγωνιζόμενος.
1789 4057 1971 4105 fection
2011 4056 2068 4104 of
2096 4062 2324 4104 converts
2362 4054 2530 4102 whom
2565 4053 2630 4102 he
2662 4053 2760 4101 had
2795 4070 2949 4103 never

533 4139 644 4187 The
685 4138 834 4186 Latin
872 4138 1092 4186 versions
1134 4138 1261 4186 have
1306 4139 1545 4195 certando,
1585 4137 1687 4185 and
1789 4152 1924 4186 seen.

531 4220 696 4268 below
742 4220 805 4278 (c.
852 4219 905 4267 ii.
958 4219 1000 4277 1)
1054 4218 1128 4266 sor
1170 4235 1387 4282 agonem,
1448 4226 1688 4267 cerlamcn
1860 4221 1936 4268 18.
1991 4224 2036 4267 et
2063 4217 2166 4267 illis
2194 4215 2370 4281 quiin
2400 4216 2635 4265 Laodicia
2664 4216 2806 4278 sunt]
2868 4217 2949 4265 καὶ

539 4302 622 4363 (cs.
646 4309 814 4363 supra,
853 4317 901 4365 p.
929 4317 953 4349 ἰ
963 4315 1038 4363 53,
1067 4301 1102 4347 l.
1130 4298 1176 4363 5)
1204 4317 1258 4348 or
1285 4300 1687 4348 sollicitudinem.
1791 4303 1886 4349 τῶν
1910 4302 1961 4348 ἐν
1983 4302 2250 4361 Λαοδικείᾳ.
2299 4301 2364 4349 Ο.
2383 4300 2444 4348 L.
2463 4300 2564 4349 and
2582 4300 2753 4363 Vulg..
2773 4298 2946 4347 “Lao-

537 4385 622 4433 On
658 4398 785 4445 agon
824 4397 879 4431 as
918 4398 949 4431 a
981 4382 1131 4432 Latin
1170 4382 1326 4439 word,
1361 4397 1442 4431 see
1487 4397 1536 4446 p.
1578 4395 1627 4429 11
1639 4396 1683 4444 3,
1791 4377 2002 4429 diciae.''
2073 4381 2317 4443 Quotquot
2350 4378 2524 4443 (ὅσοι);
2574 4394 2631 4428 so
2667 4378 2948 4438 Ambrstr.;

537 4466 570 4515 1.
599 4467 643 4524 8,
671 4470 804 4513 note.
1794 4461 1966 4525 Vulg„
1996 4458 2391 4527 “quicumque.”
2454 4460 2534 4511 Cf.
2560 4460 2675 4511 Gal.
2699 4460 2770 4510 iii.
2797 4474 2873 4524 27.
