3293 5233
2628 416 2770 501 [IV.
2801 434 2861 497 4,
2900 429 2952 497 5.

664 629 807 672 cum
854 627 1004 690 ergo
1045 605 1226 670 uenit
1259 604 1599 689 plenitudo
1643 603 1962 686 temporis,
2009 602 2199 667 misit
2240 602 2422 666 Deus
2463 601 2717 666 Filium
2761 621 2956 663 suum

516 709 784 790 sactum
836 731 914 773 ex
960 709 1243 786 muliere,
1281 709 1547 790 factum
1594 706 1716 770 sub
1775 706 1920 787 lege,
1965 713 2044 768 ut
2085 705 2232 768 illos
2273 705 2392 788 qui
2422 705 2542 769 sub
2594 707 2726 789 lege
2765 715 2957 770 erant

534 811 873 875 redimeret
882 835 913 887 ,·
960 823 1034 876 ut
1044 811 1349 895 filiorum
1381 810 1779 893 adoptionem
1812 808 2210 891 recipiamus,

530 419 614 484 62
1199 430 1656 487 THEoDoRUs
1705 432 2287 486 MOPSUESTENUS

663 950 1013 1032 ‘quoniam
1051 958 1276 1014 autem
1308 957 1573 1032 tempus
1606 948 1790 1012 uenit
1831 947 2195 1011 secundum
2239 947 2421 1031 quod
2463 948 2548 1012 ad
2581 948 2947 1032 perfectum

466 1062 496 1129 5
533 1071 872 1115 occurrere
903 1053 1084 1134 digni
1117 1050 1498 1126 habeamur,
1531 1050 1718 1114 liberi
1760 1050 1975 1114 effecti
2018 1072 2057 1114 a
2102 1061 2316 1116 morte
2347 1062 2415 1117 et
2458 1074 2498 1116 a
2530 1054 2949 1138 corruptione

533 1164 603 1219 et
648 1156 830 1218 omni
884 1156 1212 1239 passione,
1261 1155 1444 1219 uenit
1491 1154 1620 1218 Dei
1671 1154 1894 1231 Filius,
1926 1153 2140 1219 factus
2183 1176 2270 1219 ex
2314 1156 2609 1237 muliere,
2654 1157 2782 1222 h'oc
2828 1171 2947 1236 est,

530 1256 785 1321 habens
819 1267 1123 1321 naturam
1157 1278 1359 1340 quam
1394 1266 1461 1321 et
1492 1279 1652 1336 nos;
1695 1258 1809 1341 qui
1844 1267 1911 1320 et
1954 1257 2077 1321 sub
2119 1256 2266 1340 lege
2304 1258 2516 1322 factus
2563 1269 2683 1335 est,
2714 1270 2948 1344 utpote

530 1359 736 1423 homo
783 1360 1185 1423 constitutus
1238 1361 1602 1425 secundum
1653 1370 1978 1437 naturam,
2029 1370 2096 1425 et
2144 1362 2416 1444 quidem
2464 1362 2595 1445 legi
2642 1365 2945 1430 debiturn

532 1462 890 1525 restituens
960 1461 1141 1546 quod
1213 1483 1255 1526 a
1337 1462 1530 1526 nobis
1589 1462 1976 1527 debebatur.
2087 1464 2316 1547 sicque
2377 1466 2517 1548 ipse
2578 1487 2945 1550 exsurgens

425 1578 503 1626 10
532 1565 952 1628 inmortalem
1001 1564 1184 1628 illam
1233 1566 1440 1629 uitam
1471 1566 1864 1648 adsumpsit,
1896 1568 2263 1632 consistens
2295 1569 2360 1632 in
2393 1568 2572 1632 illam
2607 1570 2944 1652 integrita-

527 1675 667 1729 tem
728 1688 931 1749 quam
993 1669 1151 1731 olim
1222 1687 1603 1750 speramu53
1679 1678 1746 1731 et
1820 1669 2304 1733 simillimorum
2381 1672 2573 1736 nobis
2647 1674 2946 1755 prouisor

530 1768 760 1832 extitit
818 1770 1165 1846 bonorum,
1225 1791 1458 1833 omnes
1512 1792 1633 1833 nos
1688 1792 1728 1834 a
1773 1772 2091 1835 seruitute
2138 1771 2425 1837 liberans
2474 1774 2673 1857 legis?
2781 1796 2944 1858 quo-

527 1876 705 1938 niam
745 1884 969 1940 autem
1018 1874 1304 1939 filiorum
1348 1877 1781 1957 adoptionem
1815 1885 1881 1938 et
1920 1875 2470 1940 inmortalitatem
2516 1879 2942 1961 adquiremus

526 1987 680 2058 post
730 1979 1293 2050 resurrectionem,
1357 1985 1423 2039 et
1483 1978 1786 2059 superius
1848 1978 2193 2041 euidenter
2251 1981 2679 2044 ostendimus
2786 2003 2940 2045 con-

421 2094 489 2159 15
524 2078 952 2141 siderandum
997 2087 1098 2142 est
1142 2088 1367 2141 autem
1430 2087 1498 2140 et
1546 2100 1634 2141 ex
1685 2077 1788 2141 his
1834 2100 2007 2160 quae
2056 2079 2183 2142 hoc
2236 2081 2301 2142 in
2351 2081 2498 2144 loco
2536 2082 2714 2145 dicta
2763 2091 2936 2156 sunt,

524 2182 843 2260 quoniam
891 2179 1213 2262 perfectio
1266 2178 1527 2242 illorum
1590 2201 1764 2263 quae
1824 2181 2191 2242 secundum
2255 2180 2591 2245 Christum
2653 2194 2807 2247 sunt
2869 2186 2935 2246 in

524 2283 748 2346 futuro
797 2283 1064 2347 saeculo
1118 2284 1309 2346 nobis
1358 2284 1590 2358 aderit,
1646 2282 1921 2364 quando
1969 2291 2037 2346 et
2090 2282 2202 2346 illa
2252 2305 2424 2366 quae
2479 2286 2566 2347 ab
2626 2287 2934 2366 apostolo

517 2391 700 2453 dicta
758 2399 912 2451 sunt
968 2389 1126 2469 ipsis
1181 2388 1376 2449 rebus
1439 2407 1594 2450 uera
1645 2407 1789 2449 esse
1839 2368 2424 2465 monstrabuntur3
2503 2388 2762 2450 interim
2821 2388 2933 2450 illa

519 2494 662 2576 ipsa
696 2493 762 2555 in
795 2494 1122 2574 promissa
1154 2491 1632 2573 accipientibus
1666 2490 1857 2552 nobis
1890 2491 1955 2552 in
1989 2491 2321 2572 praesenti
2372 2491 2527 2553 uita.

405 2611 489 2660 20
649 2615 805 2658 nam
839 2595 1018 2677 quod
1053 2594 1262 2657 dixit:
1313 2592 1500 2656 misit
1527 2592 1709 2656 Dens
1738 2592 1990 2656 Filium
2021 2614 2212 2656 sumn
2228 2593 2494 2675 factum
2527 2614 2602 2655 cx
2635 2593 2934 2667 muliera·

514 2696 788 2758 euidens
835 2695 1104 2776 quidem
1149 2704 1267 2773 est,
1315 2695 1632 2777 quoniam
1680 2695 1764 2758 de
1805 2694 2074 2759 homine
2122 2697 2303 2770 dicit,
2356 2696 2467 2778 qui
2525 2706 2593 2760 et
2647 2717 2735 2759 ex
2789 2717 2933 2758 mu-

512 2796 669 2860 liere
703 2796 914 2860 sactus
956 2807 1056 2860 est
1104 2807 1168 2860 et
1216 2799 1341 2860 sub
1385 2798 1534 2880 lege
1571 2807 2003 2862 conuersatus
2046 2808 2161 2861 est.
2254 2798 2467 2861 filium
2510 2808 2734 2862 autem
2779 2819 2930 2861 eum

1678 2945 1703 2994 7
1740 2932 1865 2981 sicut
1893 2932 2010 2995 (sor
2031 2934 2202 2997 quam)
2229 2934 2296 2982 H
2579 2950 2609 2998 9
2643 2934 2712 2982 sic
2738 2933 2854 2998 quia
2878 2934 2944 2983 II

1852 3028 1908 3074 13
1942 3024 1993 3064 et
2018 3013 2353 3078 (hcjfinmort.)
2378 3031 2454 3063 om
2480 3016 2546 3063 H
2794 3031 2847 3076 15
2883 3023 2932 3064 et

2488 3113 2545 3162 19
2580 3098 2688 3163 ipsa
2721 3114 2797 3146 om
2836 3099 2906 3147 H.

610 2947 636 2992 5
673 2947 703 2979 a
729 2947 804 2978 om
831 2933 897 2979 sl
915 2930 922 2995 Ι
954 2933 1264 2996 correptione
1293 2931 1367 2981 C*

514 3029 566 3062 11
608 3014 916 3077 spirabamus
944 3016 986 3063 C
1009 3018 1156 3074 (corr)
1187 3015 1193 3077 Ι
1225 3014 1517 3064 simillorum
1543 3013 1635 3063 ll·

509 3099 684 3160 (hqfex
708 3098 804 3156 his)
829 3114 905 3145 om
931 3099 994 3146 ll
1014 3095 1021 3159 Ι
1053 3098 1104 3146 in
1128 3098 1223 3146 hoc
1248 3098 1281 3146 l.
1313 3097 1379 3146 II
1582 3096 1640 3146 16
1676 3112 1775 3160 quo
1802 3096 1920 3161 (sor
1939 3098 2198 3162 quoniam)
2228 3099 2272 3147 C

510 3195 565 3227 21
607 3195 808 3228 munere
835 3178 947 3242 (sor
967 3179 1189 3240 muliere)
1222 3181 1263 3228 C
1271 3178 1296 3203 ¹*

574 3323 616 3371 7.
668 3310 754 3358 suh
789 3310 886 3371 Ιιζςι·
905 3310 1078 3372 sactus
1111 3309 1198 3369 cst]
1287 3309 1363 3358 Cf.
1407 3309 1493 3357 the
1546 3307 1656 3370 Syr.

506 3389 747 3453 fragment
802 3392 1004 3452 already
1048 3389 1233 3452 quoted
1292 3389 1415 3437 from
1465 3389 1662 3437 Sachau

506 3499 612 3560 (pp.
642 3513 717 3559 30,
749 3497 896 3554 βο)
933 3470 1165 3546 auu&
1201 3474 1659 3574 §.Qu-<qma

508 3612 768 3727 2-29-30
858 3617 1241 3698 ἱππ-(δυο
1325 3635 1658 3694 dmm

506 3757 886 3862 flumbo
1014 3800 1205 3840 ‚wa-:2
1278 3766 1654 3844 ‘umen-ea

756 3907 951 4013 qul:-
1016 3904 1132 3990 mx
1202 3918 1652 4013 ..m[‹.xl].u=

575 4061 645 4106 14.
697 4051 739 4092 el
781 4044 1002 4106 superias
1037 4042 1160 4090 cm'cl.
1206 4042 1408 4103 θεῖε-πώ]
1458 4060 1550 4105 ag.
1589 4059 1654 4091 on

501 4126 567 4174 iii.
600 4125 677 4184 26,
703 4127 864 4173 where
890 4142 969 4172 see
993 4133 1124 4172 note.

568 4223 646 4255 21.
692 4207 748 4254 ds
771 4206 963 4253 lwnsine
986 4206 1122 4265 sifax]
1175 4206 1357 4267 Comp.
1385 4203 1468 4252 the
1491 4205 1656 4253 Theo-

499 4288 683 4335 ‹lorean
730 4288 942 4335 ecthesis
992 4288 1199 4348 (Kligne,
1255 4288 1419 4344 1017):
1479 4286 1504 4334 ὁ
1551 4288 1657 4334 δεσ-

500 4370 649 4425 πότης
701 4371 803 4416 Θεὸς
855 4371 998 4428 λόγος
1049 4368 1301 4427 ἄνθρωπον
1347 4371 1548 4426 εἴληφεν
1581 4368 1657 4415 τέ·

498 4452 772 4497 λειον...ὃν
811 4450 1058 4510 ἄνθρωπον
1104 4452 1217 4497 ὄντα
1259 4448 1364 4497 καθ’
1409 4450 1530 4507 ἡμᾶς
1570 4451 1658 4507 τὴν

498 4538 960 4596 φιῑσιν...’γεν5μενον
988 4538 1075 4584 ὑπὸ
1093 4537 1219 4598 [Ιιζζη
1240 4536 1309 4597 ἐκ]
1335 4537 1554 4596 ’γυναικὸς
1577 4538 1655 4583 καὶ

1763 3309 2015 3369 ’γενόμενον
2040 3307 2132 3358 ὑπὸ
2155 3308 2308 3367 νόμον,
2340 3308 2415 3356 ἵνα
2444 3306 2631 3357 πάντας
2668 3309 2788 3366 ἡμεῖς
2823 3311 2927 3368 ἐξα-

1762 3389 1954 3451 γοράσῃ
1989 3390 2075 3449 τῆς
2110 3392 2194 3438 τοῦ
2228 3391 2371 3449 νόμου
2405 3390 2620 3439 δουλείας
2717 3389 2924 3451 ἀπορρή-

1764 3489 1855 3521 τως
1897 3472 2111 3534 συνῆψεν
2152 3472 2321 3533 ἐαυτῷ.
2414 3473 2510 3522 See
2555 3474 2662 3520 also
2709 3472 2793 3521 the
2825 3482 2926 3520 two

1763 3554 2031 3617 fragments
2055 3555 2112 3603 of
2140 3552 2282 3603 Th.’s
2316 3571 2499 3604 comm.
2536 3570 2600 3601 on
2639 3555 2787 3601 Matt.
2825 3554 2923 3601 and

1767 3637 1926 3683 Hebr.
1978 3637 2175 3700 printed
2233 3637 2283 3684 in
2362 3635 2627 3697 Lagarde's
2684 3636 2921 3682 Analecta

1760 3717 1985 3778 -SJvrt‘ac-a,
2005 3734 2052 3780 p.
2084 3720 2184 3766 108.
2222 3717 2505 3763 Theodoret
2524 3716 2662 3763 takes
2682 3715 2766 3762 the
2787 3731 2922 3763 same

1759 3801 1885 3846 view
1926 3798 1983 3846 of
2021 3798 2106 3846 the
2145 3813 2367 3860 passage,
2410 3797 2649 3859 although
2692 3813 2746 3844 as
2782 3796 2919 3844 usual

1761 3879 1844 3928 the
1892 3880 2099 3942 ‹lisciple
2147 3880 2344 3928 shrinks
2393 3880 2518 3928 srom
2566 3879 2650 3928 the
2701 3878 2919 3940 scarcely

1759 3963 2003 4010 orthodox
2028 3962 2271 4024 language
2295 3962 2353 4009 of
2380 3963 2463 4010 the
2500 3971 2715 4009 master:
2750 3963 2918 4017 ἐπιση-

1756 4042 2005 4103 μήνασθαι
2043 4045 2204 4100 μέντοι
2241 4041 2470 4104 προσήκει
2507 4044 2582 4091 ὅτι
2620 4045 2675 4090 τὸ
2718 4042 2918 4101 ἐξαπέ·

1762 4129 1929 4174 στειλ
1942 4144 1997 4174 εν
2018 4126 2082 4187 τῇ
2104 4126 2458 4188 ἐνανθρωπήσει
2492 4124 2841 4185 προσήρμοσεν·
2868 4121 2922 4171 ου’

1759 4207 1856 4269 ’γὰρ
1898 4209 2047 4256 εἶπεν·
2097 4210 2382 4257 ἀπέστειλεν
2421 4209 2564 4256 αὐτὸν
2601 4209 2826 4268 ’γενέσθαι
2866 4208 2920 4255 ἐκ

1759 4290 1991 4350 γυναικός,
2034 4291 2108 4338 ἵνα.
2142 4291 2225 4348 τῆς
2262 4291 2482 4348 θεότητος
2516 4289 2604 4348 τήν
2642 4288 2919 4347 ἀποστολήν

1761 4370 2098 4431 ὑπολάβωμεν·
2149 4374 2278 4420 ἀλλὰ
2312 4374 2601 4433 ’γεννώμενον
2638 4371 2766 4432 [βψ.
2803 4372 2908 4430 lay„

1758 4454 2030 4513 γενόμενον]
2066 4454 2119 4501 ἐκ
2153 4454 2388 4514 γυναικός·
2427 4455 2569 4500 τοῦτο
2595 4453 2639 4498 δέ
2676 4450 2759 4507 τῆς
2795 4452 2914 4497 οἰκο-

1758 4539 1915 4592 νομίας
1942 4539 2069 4584 ἴδιον.
