3293 5233
503 402 540 449 2
549 385 632 467 36
1170 401 1629 453 ‘russononus
1676 400 2265 454 MopsuEsTENus
2588 385 2743 471 [111.
2778 389 2836 463 8,
2865 404 2932 468 9.

511 571 706 648 dixit,
739 582 812 637 ut
842 582 997 655 post
1034 574 1361 638 maiorum
1396 573 1723 638 bonorum
1757 574 1853 638 illi
1885 594 2153 639 causam
2187 571 2608 637 existentem.
2681 569 2933 635 deinde

506 676 795 744 adiecit:

618 833 886 906 propter
911 844 1094 905 quem
1125 824 1345 887 omnia
1374 823 1872 888 detrimentatus
1897 844 2043 886 sum
2072 832 2136 886 et
2160 821 2453 886 existimo
2480 831 2757 886 stercora
2782 841 2933 887 arse.

634 959 773 1041 †et
819 964 1142 1044 quoniam
1191 965 1681 1028 contumeliosa
1729 964 2145 1041 uidebantur,
2193 973 2267 1027 ut
2316 973 2605 1027 stercora
2657 971 2929 1027 uocaret

443 1076 475 1143 5
506 1064 620 1128 illa
649 1086 821 1148 quae
852 1068 1018 1150 legis
1049 1077 1221 1144 sunt,
1257 1069 1573 1133 uelociter
1603 1070 1890 1133 adiecit:

635 1224 714 1278 ut
754 1212 1087 1281 Christum
1127 1218 1543 1300 luen-'faciam
1563 1242 1597 1294 ,-

636 1339 998 1401 ostendens
1072 1339 1388 1420 quoniam
1468 1337 1881 1420 comparatio
1956 1338 2217 1402 illorum
2296 1359 2471 1420 quae
2557 1338 2926 1402 secundum

509 1440 851 1506 Christum
882 1453 1056 1520 sunt,
1089 1445 1217 1506 ista
1247 1444 1409 1507 talia
1441 1444 1599 1508 facit
1631 1440 1900 1506 uideri*
1990 1442 2273 1525 qualiter
2304 1453 2420 1506 aut
2450 1441 2837 1525 quomodo?

635 1597 702 1652 et
737 1588 1044 1652 inveniar
1081 1589 1152 1652 in
1193 1589 1383 1652 illum
1428 1588 1668 1652 lzabens
1712 1610 1836 1652 non
1877 1609 2085 1651 meam
2122 1587 2449 1650 iustitiam
2492 1607 2653 1667 quae
2686 1605 2765 1648 ex
2796 1585 2933 1667 lege

408 1713 485 1759 10
508 1700 615 1767 est,
646 1691 764 1754 sed
796 1692 984 1756 illam
1027 1713 1191 1775 quae
1228 1713 1307 1756 ex
1325 1692 1468 1775 fide
1503 1702 1599 1755 est
1632 1690 1896 1767 Christi,
1929 1712 2090 1773 quae
2129 1711 2208 1753 ex
2233 1690 2370 1753 Deo
2414 1701 2510 1754 est
2551 1688 2810 1754 imtz’tia
2852 1708 2936 1751 ex

493 1799 654 1883 fide.

641 1924 872 2005 ‘cupio
928 1922 1195 2006 (inquit)
1260 1921 1443 1985 illam
1508 1922 1830 1985 iustitiam
1893 1920 2189 2002 adsequi,
2240 1940 2415 2002 quae
2463 1940 2553 1982 ex
2607 1917 2758 1981 Deo
2803 1927 2930 1996 est,

510 2043 714 2105 quam
768 2023 1044 2106 adsequi
1093 2044 1448 2106 possumus
1493 2044 1612 2106 per
1657 2022 1840 2085 illam
1890 2021 2091 2085 fidem
2139 2042 2309 2104 quae
2357 2022 2424 2085 in
2472 2022 2739 2086 Christo
2784 2029 2930 2098 est;

512 2136 581 2190 et
611 2126 761 2190 ideo
793 2127 1087 2209 despicio
1119 2147 1341 2190 meam
1384 2126 1708 2189 iustitiam
1748 2147 1924 2209 quae
1963 2147 2051 2189 ex
2094 2125 2243 2208 lege
2282 2135 2399 2202 est,
2434 2127 2646 2189 sciens
2677 2146 2827 2190 eam
2861 2135 2934 2190 et

411 2250 479 2314 15
511 2229 909 2293 laboriosam
956 2250 1102 2293 esse
1148 2239 1214 2292 et
1263 2227 1719 2310 inpossibilem
1769 2229 1854 2292 ad
1917 2229 2390 2309 directionem3
2447 2229 2701 2293 facilius
2747 2229 2930 2293 enim

644 2429 863 2510 ἐπειδὴ
905 2428 1307 2516 ἐφύβριστον
1352 2428 1433 2514 ἦν
1473 2431 1546 2497 τὸ
1584 2437 1846 2507 εκγΈαλα
1893 2431 2175 2497 καλέσαι
2209 2432 2292 2497 τὰ
2337 2436 2454 2498 τοῦ
2498 2430 2711 2514 νόμον,
2742 2431 2936 2514 μάλα

513 2532 707 2618 ὀξέως
766 2532 1091 2615 ἐπήγαγεν
1149 2537 1252 2600 ina
1313 2537 1564 2622 Χριοτὸω
1633 2542 1935 2623 «epm-icoo·
2004 2535 2254 2606 δεικνὺς
2312 2536 2416 2602 ὅτι
2466 2535 2505 2619 ἦ
2565 2534 2935 2621 παράθεσις

515 2636 771 2704 ἐκείνων
800 2641 1007 2703 ταῦτα.
1036 2641 1305 2703 τοιαῦτα
1337 2637 1494 2704 εἶναι
1525 2644 1717 2706 ποιεῖ.

619 2821 640 2856 1
678 2822 828 2855 causa
850 2807 1089 2857 existente
1118 2808 1161 2856 C
1182 2808 1246 2856 H
1256 2824 1289 2855 r
1432 2825 1459 2858 2
1496 2809 1649 2858 adicit
1678 2810 1721 2859 C
1736 2827 1767 2857 r

522 2889 567 2936 C
626 2904 805 2937 uocare
828 2890 893 2937 H
907 2905 940 2936 r
1102 2902 1127 2950 5
1165 2888 1316 2937 adicit
1345 2889 1388 2938 C
1406 2905 1438 2937 r
1603 2901 1628 2950 7
1665 2890 1750 2953 qui
1777 2890 1890 2953 (for
1908 2894 2056 2954 quae)
2081 2908 2112 2938 r
2264 2893 2294 2940 8
2330 2892 2513 2940 faciunt
2543 2892 2586 2940 C
2605 2891 2672 2939 H
2684 2907 2716 2939 r
2739 2889 2747 2953 Ι
2778 2891 2934 2939 adicit

517 2971 616 3034 (ast
646 2969 766 3032 uid.)
792 2971 897 3018 add
918 2971 961 3019 C
981 2969 1130 3035 (corr)
1326 2987 1384 3020 10
1416 2970 1562 3020 effide
1587 2971 1700 3034 (for
1719 2988 1778 3021 ex
1803 2972 1838 3020 f.
1862 2973 1941 3035 ast
1963 2972 2168 3034 iustitia)
2199 2973 2268 3023 C*

519 3054 765 3115 θεοδώρου.
836 3052 950 3104 Cr.:
990 3054 1141 3101 “non
1163 3053 1417 3102 Theodori
1441 3054 1529 3102 sed
1554 3054 1729 3116 Chrys.
1760 3062 1832 3103 est
1855 3053 2049 3104 schol.’‘

1898 2829 1929 2873 4
1961 2811 2258 2861 uidebantur
2281 2806 2639 2861 contumeliosa
2660 2827 2692 2859 r
2716 2808 2724 2872 Ι
2754 2825 2936 2860 uacare

2461 2971 2520 3023 16
2543 2988 2618 3037 sq.
2644 2972 2801 3022 Coisl.
2825 2972 2864 3022 l.
2887 2989 2930 3025 c.

518 3202 686 3250 Deum
726 3217 801 3250 we
836 3201 1014 3250 should
1053 3201 1299 3265 probably
1332 3202 1450 3250 read
1490 3202 1672 3252 Iesum.

520 3283 633 3331 The
655 3298 790 3331 error
811 3299 924 3344 may
947 3283 1074 3329 have
1096 3283 1257 3330 arisen
1280 3283 1405 3331 {rom
1440 3299 1471 3331 a
1502 3283 1676 3332 confu-

519 3367 629 3413 sion
653 3363 710 3413 of
734 3363 817 3412 the
840 3363 1118 3425 compendia
1144 3349 1265 3423 ilTn—e,
1293 3350 1393 3411 dTn.

585 3461 633 3493 2.
699 3442 893 3505 adiecit]
949 3445 1350 3503 ἐπήγαγεν--εεε
1385 3443 1485 3493 Gk.
1563 3444 1675 3493 The

521 3528 703 3576 Corbie
750 3527 863 3575 MS.
916 3526 1229 3590 persistently
1267 3526 1406 3589 gives
1442 3527 1526 3575 the
1566 3544 1675 3590 pre·

519 3619 655 3669 scnt3
689 3611 789 3658 and
812 3626 868 3657 so
895 3610 1020 3656 Rab.

586 3710 630 3755 3.
708 3691 937 3751 stercora]
1007 3692 1076 3740 So
1121 3690 1206 3739 the
1246 3690 1394 3739 Latin
1436 3690 1672 3739 versions.

518 3775 670 3825 Thdt.
731 3774 1033 3821 understood
1091 3774 1317 3833 σκύβαλα
1368 3772 1420 3819 in
1464 3772 1676 3820 another

517 3873 688 3907 sense:
725 3875 801 3904 σκ.
837 3857 936 3916 γὰρ
965 3857 1021 3904 τὸ
1051 3857 1327 3916 παχύτερον
1360 3856 1439 3902 καὶ
1473 3852 1674 3913 σκληρό-

518 3957 655 4001 τερον
687 3936 867 3999 ἄχυρον
901 3938 1196 4001 ὀνομάζεται.
1266 3938 1408 3984 τοῦτο
1444 3938 1494 3983 δὲ
1540 3938 1676 3995 φέρει

517 4025 602 4072 τὸν
635 4024 785 4070 σῖτον·
823 4021 953 4068 ἀλλὰ
978 4020 1103 4078 μετὰ
1124 4018 1211 4076 τήν
1234 4020 1318 4065 τοῦ
1342 4020 1477 4065 σίτου
1501 4020 1674 4065 συλλο-

516 4108 612 4167 γὴν
655 4105 992 4166 ἁποβάλλεται
1035 4104 1192 4149 τοῦτο.
1293 4098 1438 4148 οὕτως
1479 4100 1504 4147 ὀ
1537 4097 1676 4158 νόμος

519 4189 755 4247 ὑπέδειξεν
788 4188 870 4235 τὸν
900 4181 1129 4247 Χριστόν,
1155 4186 1327 4231 τούτου
1359 4184 1409 4230 δὲ
1444 4185 1676 4242 φανέντος

515 4272 686 4319 λοιπὸν
702 4268 936 4331 περιττός.
986 4268 1237 4330 Similarly
1257 4266 1447 4328 Chrys„
1460 4265 1673 4327 Thpht.‚

517 4354 659 4409 Oec.;
683 4352 747 4400 cf.
775 4351 959 4411 Suicer‚
986 4350 1037 4398 ii.
1062 4360 1156 4412 977
1176 4365 1248 4411 sq.
1312 4349 1391 4395 To
1415 4348 1497 4395 the
1525 4346 1672 4394 Latin

516 4432 791 4495 expositors
825 4447 854 4479 a
888 4431 1161 4480 somewhat
1195 4429 1420 4478 different
1457 4426 1584 4476 train
1621 4426 1681 4475 of

517 4506 652 4558 ideas
671 4524 769 4559 was
789 4511 1051 4573 suggested
1072 4528 1086 4570 ;
1119 4509 1183 4559 cs.
1206 4526 1303 4572 eng.
1334 4509 1503 4557 Sedul.
1531 4508 1669 4556 Scot.

1776 3205 1849 3251 ad
1872 3204 1923 3251 Ιι.
1947 3205 2019 3253 Ι..·
2055 3205 2271 3254 “littera
2304 3204 2430 3268 legis
2463 3204 2640 3253 eicitur
2674 3210 2723 3252 et
2760 3218 2936 3253 sensus

1776 3286 2046 3349 spiritualis
2091 3288 2154 3334 ad
2191 3287 2358 3335 cibum
2398 3287 2593 3335 animae
2633 3286 2684 3334 in
2723 3301 2936 3348 corpore

1776 3368 2013 3416 ecclesiae
2057 3364 2328 3415 remanet.”
2415 3367 2509 3415 Th.
2557 3366 2761 3416 resrains
2804 3366 2935 3415 from

1777 3450 2002 3512 pressing
2039 3450 2123 3497 the
2164 3449 2335 3512 figure.
2380 3449 2470 3497 but
2510 3465 2655 3512 urges
2695 3450 2800 3498 that
2847 3449 2936 3499 the

1777 3530 2114 3594 depreciation
2151 3531 2207 3577 os
2242 3530 2326 3578 the
2363 3530 2458 3578 law
2499 3530 2704 3593 implied
2743 3531 2811 3593 by
2849 3531 2936 3579 the

1777 3625 1863 3658 use
1887 3610 1944 3658 os
1960 3610 2080 3658 such
2105 3626 2135 3657 a
2160 3618 2283 3657 term
2309 3610 2350 3657 is
2374 3611 2711 3672 comparative
2733 3611 2871 3673 only.

1843 3705 1890 3754 9.
1947 3692 2004 3739 in
2026 3691 2192 3751 illum]
2228 3692 2277 3738 ἐν
2299 3689 2444 3748 αὐτῷ.
2475 3695 2506 3717 “
2525 3690 2669 3752 Quae
2690 3707 2750 3739 ex
2773 3689 2935 3740 fide:“

1778 3788 1835 3820 so
1861 3772 2040 3837 Vulg.;
2074 3773 2254 3831 below,
2285 3773 2336 3820 in
2361 3773 2445 3821 the
2469 3788 2670 3831 comm„
2699 3788 2774 3821 we
2804 3772 2936 3823 have

1769 3857 2043 3920 perfidem.
2112 3857 2222 3904 The
2256 3855 2437 3904 second
2472 3872 2532 3903 ex
2547 3856 2657 3917 fide
2686 3871 2844 3904 seems
2880 3866 2937 3904 to

1778 3936 1904 3983 have
1928 3937 2054 3984 been
2089 3936 2328 3985 intended
2363 3937 2429 3999 by
2463 3936 2549 3984 the
2584 3936 2846 3984 translator
2878 3953 2939 3985 or

1779 4017 1970 4079 copyist
1995 4025 2046 4064 to
2071 4025 2320 4079 represent
2346 4017 2425 4064 ἐπὶ
2457 4013 2518 4075 τῇ
2553 4017 2716 4064 πίστει
2739 4015 2817 4076 (cf.
2848 4016 2937 4065 the

1777 4096 1982 4144 citation
2004 4096 2129 4144 from
2149 4096 2291 4159 Fulg.
2308 4097 2366 4143 de
2381 4098 2574 4146 incarn.
2597 4096 2647 4144 in
2666 4096 2935 4156 Sabatier).

1780 4178 1841 4224 In
1867 4178 1951 4226 the
1974 4178 2200 4241 original,
2231 4180 2310 4226 ἐπὶ
2334 4174 2398 4238 τῇ
2419 4196 2472 4224 π.
2499 4179 2819 4227 commenced
2848 4179 2937 4228 the

1776 4268 1892 4309 next
1917 4261 2082 4308 clause
2106 4259 2162 4308 os
2180 4260 2263 4309 the
2288 4268 2388 4309 text
2409 4278 2424 4319 ;
2459 4275 2541 4308 see
2563 4260 2741 4309 below.

1848 4359 1865 4391 1
1878 4359 1923 4403 5.
1988 4341 2312 4405 inpossibilem
2347 4342 2418 4388 ad
2440 4341 2765 4402 directionem]
2823 4342 2935 4390 ἁδύ·

1775 4438 1918 4469 νατον
1948 4424 2062 4483 πρὸς
2092 4423 2148 4470 τὸ
2177 4423 2511 4482 κατορθῶσαιε
2546 4421 2605 4471 cs.
2634 4439 2720 4487 pp.
2747 4437 2825 4484 50,
2851 4436 2934 4482 51.

1778 4503 1954 4566 Comp.
1999 4503 2092 4551 Th.
2139 4519 2204 4551 on
2244 4504 2393 4551 Rom.
2431 4502 2532 4550 viii.
2570 4516 2627 4565 3:
2667 4500 2694 4551 ὁ
2727 4503 2818 4561 μὲν
2850 4498 2938 4551 οὖν
