3293 5233
337 416 452 482 IV.
486 415 612 500 24]
1134 428 1214 478 IN
1267 429 1372 478 ΕΡ.
1421 429 1524 478 AD
1570 426 1925 480 GALATAS.
2668 427 2752 495 77

332 610 731 689 acceperant
788 614 1352 680 conuersarentur‚
1415 614 1483 670 et
1544 602 1729 669 illam
1783 605 2102 670 iustitiam
2167 625 2340 688 quae
2403 605 2557 668 inde
2610 610 2752 666 erat

332 711 743 791 susciperent
809 709 1109 799 (propter
1151 710 1335 790 quod
1382 717 1448 772 et
1495 710 1581 773 de
1628 709 1950 794 Aegypto
1992 710 2319 788 exierunt,
2380 719 2447 773 et
2494 717 2751 772 remoto

335 812 402 875 in
458 811 610 875 loco
665 811 928 875 fuerunt
982 812 1369 890 constituti;
1435 822 1508 876 ut
1562 814 1650 878 ab
1705 816 1888 878 omni
1940 816 2241 898 gentium
2305 813 2751 897 permixtione

334 916 685 997 segregati,
715 936 865 979 cum
911 917 1319 1000 competenti
1360 915 1622 980 cautela
1663 918 1996 981 custodire
2042 926 2314 1001 possent
2361 916 2579 999 legem
2625 913 2748 977 sibi

335 1016 597 1100 datam)
621 1036 638 1095 ;
681 1017 775 1081 sic
819 1026 886 1080 et
928 1017 1041 1080 illa
1078 1037 1251 1099 quae
1291 1018 1658 1082 secundum
1709 1018 2046 1083 Christum
2088 1028 2242 1082 sunt
2282 1017 2454 1101 hang:
2499 1016 2750 1080 habent
2825 1030 2857 1098 ς

333 1119 771 1183 intentionem
819 1128 887 1184 et
931 1119 1152 1195 finem,
1188 1130 1259 1183 ut
1304 1120 1602 1184 soluatur
1646 1122 1919 1204 quidem
1970 1142 2165 1198 mors,
2202 1129 2547 1203 resurgant
2590 1140 2750 1182 uero

335 1243 568 1288 omnes
615 1224 918 1288 homines
971 1224 1084 1307 qui
1137 1223 1440 1305 quolibet
1489 1234 1795 1308 tempore
1849 1224 2131 1301 fuerunt,
2179 1235 2248 1288 et
2296 1225 2364 1288 in
2411 1221 2748 1287 inmortali

340 1324 513 1389 ultra
565 1326 816 1409 degant
876 1335 1131 1401 natura,
1189 1346 1308 1389 nec
1362 1346 1639 1409 peccare
1702 1326 1976 1390 ulterius
2031 1326 2169 1390 ullo
2230 1326 2433 1390 modo
2493 1324 2750 1407 possint

339 1438 613 1513 propter
656 1428 839 1492 illam
889 1431 1173 1511 gratiam
1226 1428 1513 1512 Spiritus
1555 1451 1730 1512 quae
1779 1431 1949 1494 inest
1999 1431 2125 1494 illis
2150 1428 2209 1508 3*
2256 1450 2374 1513 per
2425 1448 2627 1511 quam
2682 1437 2752 1491 et

340 1533 427 1598 ab
473 1532 653 1596 omni
710 1542 986 1616 peccato
1037 1534 1247 1596 securi
1303 1534 1715 1596 habebimur.
1809 1535 1973 1597 haec
2022 1535 2199 1597 enim
2250 1531 2630 1596 iustificatio
2682 1540 2750 1594 et
2788 1552 2864 1600 10

229 1654 236 1661 ·
341 1658 497 1701 uera
541 1646 643 1701 est
689 1646 757 1700 et
806 1636 1115 1719 perfecta.
1207 1638 1379 1700 iusta
1414 1657 1577 1719 ergo
1619 1638 1875 1700 ratione
1917 1647 1984 1701 et
2032 1645 2410 1700 testamenta
2449 1635 2753 1699 similiter

343 1750 624 1820 utraque
677 1741 961 1815 uocauit,
1008 1759 1090 1802 eo
1137 1739 1317 1822 quod
1376 1739 1490 1802 illa
1542 1740 1688 1822 ipsa
1737 1759 1910 1821 quae
1956 1739 2070 1803 lex
2116 1739 2425 1815 docebat,
2471 1737 2638 1802 haec
2681 1748 2752 1802 et

341 1845 555 1925 gratia
608 1863 727 1926 per
783 1862 987 1926 opera
1048 1843 1418 1925 dirigebat;
1487 1829 1740 1906 scilicet
1801 1852 1875 1907 ut
1936 1851 2003 1907 et
2064 1842 2249 1905 Deus
2310 1843 2627 1924 diligatur
2683 1851 2751 1907 et

341 1945 705 2027 proximus,
794 1947 959 2008 haec
1019 1955 1244 2009 autem
1307 1945 1452 2028 ipsa
1512 1945 1717 2008 etiam
1787 1945 1901 2009 lex
1961 1964 2224 2009 seruare
2284 1942 2752 2027 praecipiebat,

342 2048 721 2111 discernens
780 2057 986 2130 atque
1044 2049 1292 2112 docens
1352 2047 1537 2111 nullo
1598 2048 1803 2112 modo
1863 2047 2107 2111 debere
2159 2066 2447 2129 peccare.
2536 2046 2750 2128 gratia
2790 2067 2856 2135 15

341 2160 566 2213 autem
614 2150 680 2212 id
728 2150 1039 2232 operibus
1071 2150 1306 2231 implet
1351 2171 1470 2233 per
1515 2150 2060 2213 resurrectionem
2108 2158 2174 2213 et
2221 2148 2403 2212 illam
2436 2148 2752 2211 inmorta-

343 2251 601 2314 litatem
635 2273 807 2333 quae
839 2262 998 2315 tunc
1030 2253 1222 2315 nobis
1254 2252 1467 2315 aderit
1501 2274 1618 2336 per
1650 2251 1975 2335 Spiritum
2000 2272 2016 2331 3
2063 2273 2104 2315 a
2136 2271 2274 2333 quo
2304 2260 2373 2314 et
2401 2251 2752 2333 gubernati

341 2363 501 2418 tunc
532 2375 806 2437 peccare
838 2374 1261 2436 nequaquam
1295 2355 1677 2435 poterimus,

474 2457 852 2521 iustificatio
895 2458 1205 2538 equidem
1249 2468 1350 2521 est
1391 2467 1458 2521 et
1498 2459 1578 2521 in·
1609 2458 1756 2542 lege
1801 2456 1921 2541 [et]
1963 2458 2140 2539 apud
2185 2456 2546 2523 Christum.
2635 2457 2754 2520 sed

343 2562 411 2626 in
459 2560 606 2645 lege
652 2561 924 2644 quidem
973 2563 1343 2644 adquiritur
1386 2562 1473 2626 ab
1528 2561 1641 2625 illo
1695 2562 1808 2645 qui
1859 2562 2082 2625 labore
2131 2561 2341 2625 multo
2396 2570 2463 2625 et
2515 2561 2755 2625 sudore
2785 2589 2870 2639 20

343 2685 493 2728 eam
537 2664 884 2746 adquirere
928 2666 1171 2747 poterit
1196 2686 1211 2743 ;
1260 2665 1439 2747 quod
1489 2674 1631 2729 erat
1681 2666 2129 2738 durissimum,
2165 2666 2372 2727 immo
2409 2664 2504 2745 (ut
2539 2664 2757 2728 uerius

342 2766 588 2847 dicam)
653 2766 1056 2849 inpossibile,
1108 2768 1162 2830 si
1210 2777 1434 2831 tamen
1484 2788 1604 2850 pro
1651 2767 1875 2851 legum
1922 2767 2433 2848 scrupulositate
2487 2768 2552 2831 id
2609 2769 2757 2849 quis

347 2867 548 2932 uellet
580 2870 914 2945 iudicare3
966 2889 1121 2932 nam
1156 2890 1287 2932 non
1322 2891 1597 2951 peccare
1643 2891 1732 2933 ex
1780 2872 2039 2952 integro
2082 2869 2420 2931 hominem
2465 2870 2760 2932 existen-

344 2980 484 3036 tem
539 2973 925 3056 inpossibile
979 2983 1095 3037 est.
1209 2972 1314 3035 hic
1361 2994 1518 3036 uero
1572 2994 1693 3056 per
1745 2973 1955 3036 solam
2010 2971 2293 3053 gratiam
2350 2972 2758 3052 adquiritur3

347 3097 468 3139 nec
499 3078 677 3140 enim
712 3097 985 3160 peccare
1017 3076 1190 3140 ultra
1228 3079 1595 3158 poterimus
1645 3085 1803 3138 tunc
1841 3075 2111 3156 quando
2148 3082 2215 3136 et
2253 3082 2539 3155 excepto
2575 3075 2757 3137 omni
2789 3097 2866 3163 25

345 3179 593 3260 labore,
649 3180 830 3245 illam
885 3199 1058 3262 quae
1110 3202 1152 3243 a
1209 3179 1475 3245 Christo
1528 3189 1630 3242 est
1691 3179 2142 3242 obtinebimus
2203 3177 2757 3242 iustificationem.

347 3417 805 3483 πολιτεύεσθαι
839 3415 1012 3502 [τούς
1052 3412 1243 3479 αὐτὸν
1283 3412 1815 3499 παρειληφόταςῖ,
1847 3411 1953 3477 καὶ
1985 3409 2105 3490 τὴν
2145 3409 2384 3476 ἐκεῖθεν
2429 3408 2761 3476 δικαίωσιν

347 3518 674 3607 δέχεσθαι·
720 3519 916 3589 οὕτως
961 3518 1073 3583 καὶ
1117 3520 1242 3581 τῶν
1288 3518 1455 3580 κατὰ
1498 3516 1788 3603 Χριστὸν
1832 3512 1865 3577 ὃ
1910 3511 2159 3583 σκοπὸς
2205 3511 2385 3583 οὗτος
2428 3513 2507 3594 ἦν
2551 3514 2656 3577 καὶ
2688 3513 2762 3576 τὸ

346 3623 549 3702 τέλος,
608 3623 887 3703 λυθῆναι
945 3622 1061 3702 μὲν
1128 3620 1238 3685 τὸν
1309 3619 1597 3697 θάνατον,
1661 3616 2068 3687 ἀναστάντας
2136 3616 2204 3682 δὲ
2270 3615 2560 3687 ἅπαντας
2618 3615 2762 3685 τοῦς

346 3726 615 3795 πώποτε
643 3728 982 3810 ’γεγονότας
1013 3724 1387 3811 ἀνθρώπους
1419 3724 1485 3788 ἐν
1507 3721 1810 3808 ἀθανάτῳ
1841 3719 2088 3802 διάγειν
2111 3723 2188 3804 τῇ
2220 3718 2434 3807 φύσει,
2459 3719 2763 3802 μηδαμῶς
2794 3748 2877 3811 30

348 3834 660 3920 ὁμαρτεῖν
691 3829 1188 3918 ἐπιδεχομένους
1221 3829 1315 3893 ἔτι
1360 3827 1466 3891 διὰ
1504 3826 1622 3908 τὴν
1663 3828 1939 3892 ἐνοῦσαν
1979 3822 2193 3893 αὐτοῖς
2235 3822 2332 3887 ἔτι
2376 3823 2523 3888 τότε
2568 3822 2765 3909 χάριν

347 3942 467 4004 τοῦ
503 3937 878 4016 πνεύματος.
1266 4007 1270 4012 ,
2718 3926 2723 3934 ’

448 4106 478 4149 4
512 4083 724 4133 sidatam
751 4079 865 4145 (sor
885 4079 978 4128 sibi
1002 4079 1075 4138 d.)
1100 4077 1190 4126 ll*
1362 4076 1392 4124 8
1427 4074 1640 4137 degeant
1673 4075 1714 4122 C
1736 4074 1801 4123 H
1955 4089 1985 4138 9
2020 4081 2093 4122 est
2118 4074 2166 4121 in
2188 4069 2286 4119 illis
2310 4072 2377 4120 H
2523 4088 2581 4123 10
2614 4071 2766 4122 habe·

348 4169 528 4216 bantur
552 4166 618 4214 H
823 4179 873 4212 11
915 4163 1141 4224 ultraque
1168 4158 1210 4209 C
1231 4159 1330 4208 *H
1524 4174 1580 4217 ¹4
1615 4157 1724 4220 ipsa
1747 4157 1827 4205 lex
1852 4157 2001 4207 etiam
2025 4158 2090 4206 H
2300 4172 2354 4218 15
2392 4171 2536 4219 posse
2559 4171 2766 4219 peccare

349 4250 531 4298 debere
555 4247 677 4296 H'z
702 4262 827 4304 corr,
857 4260 993 4308 pecc.
1023 4243 1139 4290 deb.
1362 4256 1420 4303 25
1458 4256 1605 4288 omne
1634 4239 1705 4288 C*

351 4377 472 4425 wilh
506 4374 651 4423 Th.'s
684 4389 865 4422 comm.
906 4371 956 4419 in
992 4370 1091 4419 this
1129 4369 1286 4433 place,
1321 4368 1510 4431 adding
1611 4378 1743 4416 store
1778 4368 1861 4415 the
1897 4367 1994 4416 Gk.
2031 4374 2129 4414 text
2154 4364 2280 4413 from
2304 4365 2388 4413 the
2414 4365 2575 4418 Latin.
2603 4365 2766 4415 which

352 4458 451 4506 and
476 4457 708 4519 omitting
730 4455 828 4503 and
853 4452 1193 4516 disregarding
1216 4451 1300 4500 the
1331 4451 1510 4507 orden
1613 4449 1655 4496 is
1693 4448 1946 4495 doubtless
1987 4446 2180 4495 faithful
2217 4446 2266 4493 in
2301 4446 2384 4494 the
2420 4446 2553 4494 main
2595 4455 2646 4496 to
2682 4447 2767 4496 the

355 4556 436 4588 see
471 4556 547 4587 vv.
587 4539 638 4587 ll.
733 4538 754 4586 I
799 4537 925 4585 have
966 4535 1311 4584 endeavoured
1351 4543 1401 4583 to
1440 4548 1510 4581 re·
1614 4527 1839 4593 original.
