3293 5233
332 376 449 443 IV.
485 380 740 461 32-V,
769 381 858 466 4]
1139 394 1223 445 IN
1270 393 1379 445 ΕΡ.
1426 393 1529 445 AD
1576 392 1951 445 EPHEsms.
2623 389 2750 459 177

456 560 627 626 sicut
651 572 715 627 et
739 561 921 627 Deus
950 549 1217 647 (inquit)
1246 519 1324 626 in
1357 559 1616 629 Christo
1643 560 1919 626 donauit
1945 560 2139 626 uobis.

457 700 527 755 et
555 690 898 757 confidens
928 691 1244 775 exemplo
1273 691 1557 774 probato
1583 715 1598 755 ε

455 854 644 908 estote
669 865 820 927 ergo
850 843 1209 908 imitatores
1235 841 1381 907 Dei.

457 967 702 1031 deinde
731 977 799 1032 et
829 969 1306 1033 condecentem
1338 968 1700 1032 ostendens
1730 986 1875 1032 esse
1907 968 2122 1050 ipsam
2155 968 2636 1032 imitationem:

456 1114 626 1179 sicut
634 1116 784 1200 filii
808 1117 1036 1181 dilecti.
1302 1132 1311 1142 ⁹
2824 1119 2857 1185 5

458 1254 527 1309 et
560 1246 951 1309 imitationis
982 1246 1196 1310 factae
1227 1248 1631 1312 documenta
1662 1247 1991 1311 ostendit:

458 1408 522 1461 et
545 1398 871 1462 ambulate
898 1398 971 1462 in
998 1399 1351 1463 caritatem.

461 1533 529 1588 et
562 1525 798 1588 iterum
832 1524 1146 1607 exemplo
1179 1526 1399 1600 utitur,
1431 1524 1625 1588 simul
1660 1525 2022 1588 discutiens
2054 1525 2252 1589 illud:

458 1673 626 1737 sicut
651 1684 713 1737 et
745 1672 1045 1740 Christus
1085 1675 1317 1739 dilexit
1357 1696 1484 1751 nos,
1514 1685 1578 1738 et
1614 1674 1891 1757 seipsum
1923 1674 2208 1739 tradidit
2220 1686 2348 1757 pro
2377 1673 2557 1740 nobis
2577 1675 2753 1740 obh-

332 1773 565 1836 tionem
595 1784 659 1837 et
682 1775 1073 1859 sacrificium
1103 1776 1240 1840 Deo
1270 1776 1340 1839 in
1370 1776 1622 1840 odorem
1655 1777 1848 1840 bonae
1873 1777 2245 1841 suauitatis.
2787 1794 2866 1843 10

463 1902 633 1965 sicut
664 1912 732 1967 et
778 1903 1113 1967 Dominus
1160 1906 1364 1969 dicit:
1414 1916 1492 1969 ut
1531 1905 1832 1989 diligatis
1883 1905 1954 1970 in
2002 1906 2291 1983 inuicem,
2319 1906 2488 1970 sicut
2533 1918 2599 1971 et
2644 1928 2756 1991 ego

330 2001 534 2064 dilexi
580 2024 694 2065 uos
710 2027 741 2079 ,·
795 2005 1103 2069 maiorem
1149 2007 1271 2070 lzac
1305 2008 1641 2072 caritatem
1692 2029 1870 2071 nemo
1920 2007 2110 2072 habet
2150 2019 2225 2072 ut
2269 2010 2415 2091 quis
2457 2008 2753 2072 animam

328 2131 519 2173 suam
546 2121 752 2194 ponat
782 2121 907 2194 pro
952 2111 1182 2174 amicis
1224 2112 1379 2175 suis.
1469 2121 1535 2176 et
1582 2122 1739 2194 post
1786 2112 2079 2177 caritatis
2128 2113 2329 2176 uerba
2380 2113 2617 2176 iterum
2666 2112 2752 2175 ad

332 2212 463 2276 alia
493 2216 729 2277 transit
759 2215 1024 2278 dicens:

445 2368 804 2449 fornicatio
832 2379 1047 2432 autem
1086 2379 1148 2433 et
1189 2368 1400 2432 omnis
1428 2368 1855 2434 immunditia
1896 2380 2016 2433 aut
2056 2368 2356 2433 auaritia
2401 2390 2509 2433 nec
2548 2370 2753 2434 nomi·
2789 2385 2861 2453 15

332 2483 523 2535 netur
550 2472 621 2535 in
652 2473 842 2537 uobis.

464 2597 957 2662 immunditiam
1032 2599 1195 2662 dicit
1268 2598 1721 2662 fornicationis
1796 2597 2070 2661 nimiam
2149 2596 2596 2679 pertinaciam.
2686 2608 2754 2662 et

332 2703 647 2782 quoniam
701 2702 896 2776 dixit,
947 2724 1138 2785 neque
1190 2702 1556 2765 nominetur
1606 2703 1677 2765 in
1728 2702 1922 2777 uobis,
1974 2701 2060 2766 ad
2123 2704 2589 2767 uerecundiam
2638 2725 2754 2769 eos

335 2802 625 2864 inuitans
657 2802 898 2865 adiecit
927 2826 940 2865 ε

459 2948 630 3012 sicut
653 2949 821 3012 decet
844 2961 1109 3015 sanctos.
2784 2966 2870 3013 20

463 3086 533 3140 et
566 3098 698 3139 non
733 3078 944 3140 solum
979 3077 1124 3152 hoc,
1159 3080 1273 3141 sed

463 3239 525 3292 et
571 3229 899 3312 turpitudo
949 3241 1011 3294 et
1053 3231 1526 3313 stultiloquium
1576 3241 1641 3294 et
1686 3229 2071 3306 scurrilitas,
2097 3249 2262 3312 quae
2307 3228 2404 3292 ad
2445 3251 2579 3293 rem
2633 3251 2757 3294 non

319 3331 604 3415 pertinet
617 3357 648 3409 ,·
692 3333 808 3395 sed
832 3334 1046 3416 magis
1064 3334 1451 3416 gratiarum
1481 3333 1661 3396 actio,

462 3459 933 3541 stultiloquium
965 3462 1143 3535 dicit,
1168 3462 1438 3543 quando
1470 3458 1780 3524 derebus
1812 3478 1945 3522 non
1980 3456 2363 3522 necessariis
2387 3456 2752 3539 loquimur;

330 3560 798 3623 scurrilitatem
847 3584 1004 3625 uero
1049 3565 1210 3627 dicit
1259 3563 1760 3645 derogationem
1812 3562 1993 3624 illam
2042 3581 2245 3645 quam
2293 3561 2359 3623 in
2406 3560 2753 3643 proximos
2784 3575 2862 3643 25

333 3662 628 3728 facimus.
717 3667 959 3730 deinde
990 3677 1055 3732 et
1086 3669 1393 3731 timorem
1428 3666 1554 3729 illis
1587 3667 1951 3729 incutiens:

437 3862 455 3895 1
496 3847 644 3895 nobis
681 3847 747 3896 H
999 3865 1026 3913 3
1062 3866 1183 3914 ergo
1218 3866 1296 3898 om
1342 3850 1385 3898 C
1394 3850 1417 3874 ⁸
1677 3870 1708 3912 4
1743 3848 2078 3898 condecenter
2111 3847 2177 3896 H
2399 3860 2424 3908 7
2461 3846 2666 3895 caritate
2699 3846 2766 3894 II

341 3942 391 3976 ιι
432 3926 482 3975 in
507 3928 618 3990 (bes
627 3927 750 3985 inu.)
773 3945 849 3976 om
875 3930 941 3978 H
1113 3946 1167 3979 η
1204 3931 1334 3980 hanc
1364 3930 1439 3980 C·
1462 3931 1528 3979 H
1704 3944 1757 3992 ¹7
1794 3927 2149 3977 fornicationes
2178 3926 2253 3976 C*
2443 3940 2501 3990 ¹9
2535 3925 2688 3974 adicit
2718 3927 2761 3974 C

337 4023 397 4071 25
434 4009 753 4059 scurrilitates
778 4011 844 4059 H

407 4186 482 4221 11.
550 4178 606 4221 ut
627 4173 860 4235 diligatis,
890 4174 1004 4235 δῖα]
1074 4175 1124 4224 S.
1143 4177 1274 4240 John
1301 4193 1380 4224 xv.
1415 4192 1486 4231 η,
1596 4178 1692 4224 καὶ
1710 4177 1883 4236 μωρολ.
1918 4175 2010 4222 καὶ
2029 4172 2319 4235 εὐτραπελία
2338 4168 2414 4233 (ἲ).
2463 4171 2538 4234 By
2555 4172 2756 4232 εὑτρατ.

344 4266 428 4314 13:
455 4254 532 4301 ἵνα
557 4255 785 4313 ἀγαπᾶτε
808 4257 1063 4315 ἀλλήλους,
1095 4259 1247 4305 καθῶς
1266 4258 1285 4318 [
1303 4268 1342 4308 4
1359 4258 1495 4316 κάγὼ
1596 4258 1691 4307 Th.
1714 4273 1872 4307 seems
1892 4264 1944 4305 to
1962 4254 2264 4304 understand
2291 4252 2601 4302 ‘ill-natured
2619 4253 2757 4311 wit';

338 4334 379 4395 (?
400 4335 460 4385 cs.
494 4353 537 4384 v.
564 4352 594 4401 9
630 4338 727 4386 and
762 4354 803 4387 c.
835 4338 934 4387 xiii.
969 4354 1046 4401 34,
1073 4356 1153 4387 vv.
1180 4339 1276 4401 lm]
1302 4341 1495 4400 ἡγάπη·
1595 4339 1658 4388 cf.
1691 4339 1841 4387 Arist.
1884 4338 2025 4387 Rhet.
2061 4336 2110 4385 ii.
2158 4350 2212 4384 η
2249 4335 2402 4397 [cited
2437 4335 2505 4397 by
2538 4334 2757 4384 Trench.

337 4433 403 4465 σα
428 4419 559 4475 ὑμᾶς.
621 4420 825 4479 μείζονα,
856 4422 1006 4469 κ.τ.λ.
1598 4422 1774 4486 Syn.]:
1831 4420 1863 4479 ᾗ
1905 4421 2004 4481 ’γὰρ
2060 4418 2353 4480 εὐτραπελία
2409 4418 2760 4474 πεπαιδευμένη

406 4514 483 4549 22.
550 4508 596 4550 et
626 4503 1002 4567 stultiloquium,
1035 4503 1149 4565 δῖα]
1214 4505 1295 4553 καὶ
1326 4506 1489 4565 αἰσχρ.
1599 4503 1732 4566 ὕβρις
1754 4503 1900 4553 ἐστίν.

515 4611 565 4659 S.
2512 4609 2582 4654 12
