3293 5233
325 417 448 481 VI.
488 415 605 500 12.]
701 410 704 413 ’
1133 427 1216 478 IN
1265 427 1371 477 ΕΡ.
1418 425 1518 477 AD
1568 421 1940 478 EPHESIOS.
2616 421 2726 487 191

302 597 571 665 'abusus
621 597 708 664 ad
762 597 1334 664 confirmationem
1380 581 1994 672 certaminis-illius,
2038 594 2217 676 quod
2263 592 2736 676 proprietatem

330 701 646 764 aduersus
685 700 1026 764 diabolum
1061 701 1222 763 inire
1255 698 1535 763 uidetur.
1624 699 1941 779 quoniam
1982 706 2203 760 autern
2222 695 2634 778 principatus
2672 703 2741 756 et

316 813 659 883 potestates
696 802 1122 866 inuisibilium
1171 802 1489 865 uirtutum
1529 800 1653 863 scit
1694 800 1958 862 ordines
1998 818 2159 873 esse,
2191 796 2465 859 euidens
2505 805 2606 859 est
2649 816 2740 858 ex

332 905 570 986 quibus
600 915 669 968 et
702 903 1204 968 Colossensibus
1235 903 1526 966 scribens
1557 902 1718 965 dicit
1746 900 1884 964 siue
1909 899 2082 963 sedes
2107 899 2247 962 siue
2283 896 2745 961 dominationes

329 1009 469 1072 siue
500 1008 910 1090 principatus
951 1009 1088 1071 siue
1120 1015 1477 1090 potestates.
1568 1005 1697 1068 hoc
1743 1026 1901 1086 ergo
1948 1004 2014 1067 in
2057 1003 2204 1066 loco
2237 1002 2643 1084 principatus
2675 1006 2742 1060 et

332 1121 697 1192 potestates
728 1113 1131 1174 daemonum
1164 1110 1428 1173 ordines
1459 1108 1724 1171 uidetur
1752 1108 2000 1182 dicere;
2049 1125 2129 1167 eo
2160 1105 2337 1184 quod
2371 1112 2437 1165 et
2469 1099 2744 1164 euidens

334 1222 436 1275 est
482 1213 797 1294 quoniam
852 1212 936 1275 de
980 1212 1090 1274 illo
1127 1213 1357 1274 ordine
1395 1220 1584 1274 erant
1625 1209 1716 1272 illi
1760 1210 1872 1290 qui
1922 1209 1986 1270 in
2034 1207 2322 1270 deterius
2362 1203 2531 1266 uersi
2574 1209 2745 1264 sunt.

336 1315 512 1378 unde
543 1326 609 1379 et
641 1316 936 1398 superius
961 1317 1167 1379 dixit:
1194 1314 1536 1376 secundum
1545 1312 1904 1395 principem
1909 1310 2247 1393 potestatis
2267 1308 2440 1372 aeris
2459 1306 2745 1387 spiritus,

336 1416 421 1477 de
469 1416 737 1479 diabolo
790 1417 856 1479 id
907 1416 1151 1480 dicens,
1239 1415 1366 1478 hoc
1420 1435 1577 1497 ergo
1631 1414 1809 1488 dicit,
1864 1415 2180 1495 quoniam
2223 1418 2380 1473 ‘non
2431 1410 2747 1472 aduersus

338 1520 641 1583 homines
682 1520 975 1583 infirmos
1017 1521 1208 1583 nobis
1248 1529 1348 1583 est
1387 1527 1723 1581 certamen
1761 1517 1941 1598 (nam
1973 1515 2355 1597 sanguinem
2395 1521 2458 1575 et
2491 1530 2746 1575 carnem

340 1621 465 1683 hoc
497 1621 638 1684 uult
669 1622 910 1704 dicere)
948 1622 1063 1683 sed
1108 1623 1423 1685 aduersus
1465 1621 1742 1682 uirtutes
1787 1616 2167 1690 inuisibile5‚
2215 1625 2280 1678 et
2318 1614 2428 1696 qui
2468 1611 2747 1675 multam

340 1720 590 1784 habent
649 1724 1018 1804 potentiam
1080 1723 1145 1784 in
1209 1732 1554 1804 praesente
1622 1723 1778 1795 uita,
1853 1740 2052 1782 omne
2122 1718 2588 1800 quodcumque
2648 1723 2750 1775 est

335 1827 696 1907 pessimum
739 1825 1122 1909 operantes?
1211 1826 1337 1889 hoc
1383 1826 1559 1888 enim
1605 1825 1768 1888 dicit
1797 1823 2130 1906 spiritalia
2162 1822 2495 1903 nequitiae.
2587 1840 2743 1882 nam

341 1929 519 2010 quod
565 1930 741 2006 dicit,
776 1930 846 1992 in
885 1930 1287 2004 caelestibus,·
1334 1939 1407 1992 ut
1441 1929 1636 2003 dicat,
1671 1935 1814 2010 ‘pro
1853 1925 2284 2006 caelestibuS,'
2319 1927 2443 1988 hoc
2482 1935 2598 1998 est,
2632 1945 2751 2006 pro

343 2053 546 2113 regno
618 2033 947 2096 caelorum
998 2034 1313 2096 aduersus
1375 2033 1521 2096 illos
1580 2033 1772 2096 nobis
1832 2042 2183 2095 certamen.
2273 2032 2543 2113 quidam
2596 2051 2752 2095 uero

343 2157 464 2219 pro
507 2136 719 2200 multa
761 2136 1065 2201 fatuitate
1097 2147 1522 2200 mutauerunt
1554 2137 1715 2200 illud
1748 2136 1926 2219 quod
1960 2137 2240 2212 dixerat,
2274 2136 2345 2199 in
2372 2139 2751 2212 caelestibus,

343 2253 411 2306 et
437 2244 527 2307 ita
552 2243 767 2325 legere
789 2243 1137 2306 uoluerunt
1160 2243 1456 2305 dicentes
1475 2267 1487 2304 :
1507 2242 1600 2304 ‘in
1625 2241 1727 2304 his
1751 2262 1921 2323 quae
1941 2241 2064 2303 sub
2083 2240 2269 2303 caelo
2293 2251 2445 2304 sunt
2463 2242 2503 2317 ;'
2524 2242 2754 2304 existi-

344 2355 605 2408 mantes
635 2345 853 2408 dicere
885 2343 1279 2426 apostolum‚
1301 2344 1617 2426 quoniam
1651 2344 1773 2406 sub
1805 2342 2060 2406 caelum
2082 2344 2273 2406 nobis
2297 2353 2398 2406 est
2422 2353 2755 2406 certarnen

467 2525 497 2573 8
546 2524 691 2574 huius
717 2525 833 2589 (sor
853 2525 1071 2590 spiritus)
1096 2526 1162 2574 H
1367 2541 1424 2575 10
1471 2541 1670 2574 carnem
1693 2534 1742 2576 et
1767 2542 1905 2590 sang.
1934 2526 2002 2574 H
2211 2539 2265 2575 ια
2303 2524 2550 2590 praesenti
2574 2524 2642 2572 H

345 2705 560 2745 corrects
589 2695 831 2745 “ratione
862 2697 949 2745 sed
978 2697 1196 2746 abutitur
1230 2695 1504 2754 ueritatis,”

347 2779 563 2842 adding:
606 2779 854 2827 “abus-ine
882 2780 993 2828 cod.
1033 2779 1085 2827 id
1119 2789 1209 2839 est,
1246 2781 1297 2828 in
1328 2780 1505 2828 ordine

349 2860 572 2909 ueritatis
603 2859 835 2907 omnibus
864 2861 1030 2908 utitur.
1101 2860 1321 2920 abusivae,
1349 2860 1505 2917 abuti,

350 2940 400 2987 in
436 2940 570 2987 bono
604 2956 766 2996 sensu,
805 2941 877 2987 uti
911 2939 1245 2988 monuimus.''
1313 2941 1507 2989 Robert

350 3020 409 3068 of
461 3022 549 3079 B.;
611 3021 868 3069 “abusiue
914 3021 1280 3069 colluctationis
1326 3036 1508 3069 nomen

351 3117 442 3165 pro
466 3101 599 3149 bello
631 3118 820 3165 ponens
849 3102 1011 3151 innuit
1042 3102 1229 3151 bellum
1260 3118 1364 3151 esse
1389 3101 1507 3151 uici·

352 3180 522 3230 num.‘'

418 3282 467 3324 4.
552 3269 596 3311 et
648 3264 820 3312 Coloss.
870 3261 1101 3326 scribens]
1190 3262 1305 3312 Col.
1353 3263 1384 3312 i.
1430 3261 1505 3321 16,

354 3347 518 3395 where
565 3362 646 3394 see
694 3343 836 3393 Th.’s
881 3360 1097 3404 comm.;
1153 3360 1385 3409 compare
1430 3344 1509 3391 his

353 3428 577 3477 remarks
610 3443 676 3476 on
721 3427 870 3475 Rom.
894 3427 994 3474 viii.
1024 3429 1085 3489 38
1124 3427 1335 3490 (Migne,
1372 3427 1504 3486 381),

355 3509 489 3573 Eph.
515 3509 581 3556 iii.
615 3524 672 3558 ιο
699 3508 888 3571 (supra,
912 3523 964 3570 p.
996 3522 1099 3569 157,
1125 3507 1241 3570 sq.).

420 3604 466 3654 6.
560 3605 851 3652 daemonum
908 3600 1120 3661 ordines]
1208 3600 1393 3648 Thdt.:
1456 3598 1510 3646 ἐκ

352 3687 447 3735 τῶν
501 3687 652 3748 ἁγίων
707 3684 833 3745 ἦσαν
893 3686 1158 3743 ταγμάτων
1212 3688 1255 3734 ol
1311 3686 1508 3745 πονηροὶ

355 3769 582 3826 δαίμονες,
626 3764 758 3815 ἀλλὰ
795 3768 873 3815 καὶ
913 3769 991 3815 διὰ
1029 3770 1119 3826 τὴν
1158 3768 1386 3829 πονηρίαν
1422 3767 1509 3824 τῆς

353 3853 532 3910 τάξεως
569 3851 750 3909 ἐκείνης
789 3851 1038 3909 ἐξέπεσαν·
1097 3852 1288 3909 ἔχουσιν
1330 3851 1381 3897 δὲ
1426 3851 1509 3897 καί

355 3931 437 3982 νῦν
494 3931 582 3982 τὰς
645 3933 972 3994 προσηγορίας
1036 3934 1099 3981 είς
1162 3936 1372 3994 ἔλεγχον
1423 3932 1509 3991 τῆς

352 4012 620 4073 βδελυρίας.

422 4110 469 4156 8.
548 4104 791 4168 superius]
879 4121 924 4152 c.
983 4105 1033 4152 ii.
1095 4122 1139 4164 2,
1201 4105 1366 4154 where
1429 4122 1509 4153 see

357 4201 516 4239 notes.
585 4190 652 4237 ll
683 4188 830 4250 again
873 4196 1087 4236 corrects
1125 4188 1209 4236 the
1245 4197 1346 4236 text
1384 4188 1505 4236 from

359 4274 443 4321 the
466 4271 641 4333 Vulg.;
674 4285 755 4317 see
780 4285 857 4316 vv.
877 4270 926 4318 ll.
952 4270 1049 4318 and
1072 4270 1135 4318 cf.
1164 4288 1210 4335 p,
1244 4287 1347 4334 143,
1378 4272 1410 4319 l.
1432 4288 1507 4329 τι,

359 4362 492 4400 note.
988 4394 995 4401 ,

436 4450 504 4483 10.
576 4432 793 4481 homines
848 4432 1093 4493 infirmos]
1182 4432 1404 4497 Thpht.:
1462 4436 1514 4480 οὐ

360 4520 476 4578 πρὸς
500 4517 731 4576 τυχόντας
756 4520 932 4573 ἔχομεν
957 4517 1142 4575 (φησὶν)
1173 4517 1281 4577 [τὴν
1307 4517 1504 4576 mund,

1603 2700 1713 2747 οὐδὲ
1747 2700 1863 2761 πρὸς
1900 2700 2174 2761 ἀνθρώπους
2203 2698 2505 2757 ὁμοιοπαθεῖς
2535 2696 2648 2756 ἡμῖν
2678 2697 2758 2746 καί

1603 2779 1920 2837 ἰσοδυνάμους.

1678 2876 1748 2923 14.
1803 2869 1860 2909 ut
1879 2860 2336 2921 dii-at...certamen]
2361 2860 2511 2908 Cited
2534 2861 2602 2922 by
2627 2860 2757 2908 Lan-

1604 2939 1757 2989 franc.

1672 3028 1730 3069 ut
1751 3022 1880 3069 dicat
1905 3023 2020 3084 ‘pro
2041 3021 2312 3069 caelestibus
2324 3020 2358 3081 ⁹]
2407 3021 2587 3069 Thdt.:
2622 3038 2759 3069 τουτ-

1605 3103 1754 3161 έστιν,
1776 3104 1883 3162 περὶ
1902 3103 1999 3150 τῶν
2019 3102 2248 3163 οὐρανίων
2266 3102 2530 3162 ταγμάτων
2551 3100 2582 3160 ἦ
2603 3101 2757 3162 μάχη·

1602 3179 1755 3230 ἆθλον
1796 3180 1908 3241 ἡμῖν
1950 3184 2198 3244 πρόκειται
2244 3181 2329 3241 τῆς
2378 3180 2686 3244 παρατάξεως
2729 3180 2761 3240 ἢ

1602 3264 1831 3325 βασιλεία
1875 3260 1969 3311 τῶν
2006 3262 2227 3325 οὐρανῶν.
2295 3264 2472 3327 Chrys.
2509 3279 2668 3313 seems
2707 3272 2760 3312 to

1605 3346 1730 3395 have
1751 3347 1875 3395 been
1892 3347 1975 3395 the
1997 3353 2172 3409 parent
2195 3346 2255 3394 of
2269 3345 2367 3395 this
2383 3346 2762 3410 unsatisfactory

1604 3430 1955 3493 explanatiom
2001 3432 2057 3478 τὸ
2096 3426 2195 3491 'reip
2230 3430 2289 3477 ἐν
2328 3430 2410 3478 ἐπ.
2458 3428 2539 3490 (he
2574 3428 2757 3492 writes)

1606 3509 1711 3555 ἀντὶ
1735 3507 1824 3557 τοῦ
1857 3508 1995 3571 ὑπὲρ
2027 3507 2126 3556 τῶν
2147 3510 2436 3571 ἐπουρανίων
2459 3511 2605 3558 ἐστίν.

1680 3604 1751 3651 15.
1823 3590 2434 3653 quidam...mutauerunt‚
2482 3590 2604 3651 δια]
2672 3592 2760 3640 No

1605 3670 1792 3718 known
1830 3670 1940 3720 MS.
1981 3670 2039 3719 os
2070 3672 2124 3720 S.
2159 3670 2326 3720 Paul’s
2363 3672 2493 3736 Epp.
2534 3681 2758 3737 presents

1606 3752 1693 3799 the
1743 3752 1948 3815 reading
2004 3752 2302 3813 ὑπουρανίοις
2342 3753 2392 3802 in
2439 3754 2537 3802 this
2593 3754 2749 3817 place.

1609 3833 1835 3895 Possibly
1858 3834 1955 3883 Th.
1983 3833 2131 3882 refers
2160 3843 2211 3882 to
2240 3834 2323 3883 the
2350 3835 2567 3893 Peshito,
2593 3836 2757 3885 which

1606 3914 1868 3963 translates
1892 3931 1946 3963 as
1969 3914 2013 3963 if
2039 3915 2120 3963 ὑπ.
2153 3915 2254 3964 had
2286 3918 2432 3965 stood
2465 3917 2514 3964 in
2545 3917 2629 3966 the
2652 3925 2757 3967 text

1613 3990 1920 4089 (ve-ms.
1986 3989 2315 4091 ἆιωὸικ).
2387 4010 2448 4057 In
2471 4009 2547 4058 his
2569 4026 2749 4060 comm.

1607 4124 1674 4155 on
1713 4108 1795 4156 the
1833 4108 2001 4157 Minor
2038 4108 2280 4173 Prophets
2324 4110 2387 4158 he
2424 4110 2758 4159 animadverts

1606 4203 1744 4250 upon
1780 4187 1862 4236 the
1902 4188 2071 4251 Syriae
2095 4189 2289 4238 version
2324 4190 2373 4238 in
2406 4205 2434 4237 a
2458 4191 2607 4239 bitter
2641 4199 2758 4240 tone

1608 4268 1771 4316 which
1803 4269 1962 4318 tallies
1994 4270 2113 4317 with
2152 4270 2228 4318 his
2258 4279 2428 4334 strong
2458 4273 2755 4320 condemna·

1607 4350 1715 4398 tion
1755 4350 1814 4398 os
1846 4350 1929 4398 the
1964 4359 2160 4415 present
2201 4352 2429 4409 variant3
2464 4352 2521 4401 cs.
2563 4353 2753 4417 hiigne,

1611 4447 1817 4496 452-3„
1849 4431 1940 4495 465
1968 4450 2041 4497 sq·

2783 1521 2861 1568 10

3269 693 3272 812 ΔᾼΑΛ-ᾼ
3265 491 3272 654 .ᾼΑ-,.,-ι.
3267 451 3272 474 .-
3267 421 3272 438 ι.
