3293 5233
564 396 693 463 270
1240 386 1695 449 *rm-:obonus
1740 397 2324 450 MOPsUESTENUS
2768 382 2845 468 [Ι.
2887 381 2983 446 16.

692 594 854 657 qnae
885 573 954 637 in
982 573 1174 637 caelis
1199 584 1359 638 sunt
1382 586 1446 639 et
1471 596 1633 657 quae
1659 587 1852 658 snper
1880 586 2143 640 terram.

696 719 765 774 et
809 709 964 793 quia
1006 709 1326 773 incertum
1372 720 1513 773 erat
1544 709 1707 773 illud
1739 710 1919 793 quod
1953 710 2019 773 in
2053 708 2252 772 caelis
2283 717 2440 784 erat,
2475 717 2542 771 et
2572 708 2752 791 quod
2783 728 2985 790 super

566 821 829 889 terram,
890 821 1111 876 utrum
1174 811 1260 874 de
1320 812 1695 876 uisibilibus
1757 812 2006 875 diceret
2065 820 2182 875 aut
2241 810 2326 874 de
2360 809 2842 886 ‘inuisibilibus
2899 831 2983 874 eo

568 913 748 995 quod
795 924 950 978 sunt
981 922 1048 977 et
1079 913 1146 975 in
1177 913 1362 975 caelo
1394 934 1565 995 quae
1599 915 1927 990 uidentur,
1962 924 2195 997 utpote
2226 914 2323 977 sol
2356 924 2424 978 et
2455 913 2611 976 luna
2645 923 2712 976 et
2748 911 2983 976 stellae

507 1035 538 1101 5
572 1015 594 1096 <
600 1015 827 1097 posuit
867 1017 1044 1081 enim
1091 1018 1209 1081 illa
1241 1018 1311 1081 in
1323 1016 1749 1099 firmamento
1777 1015 1981 1098 caeli),
2025 1016 2446 1080 manifestam
2486 1014 2732 1078 faciens
2764 1015 2981 1097 ipsam

570 1119 967 1184 diuisionem
1001 1122 1278 1185 adiecit:

701 1283 994 1352 uzlsibz'lia
1021 1298 1084 1352 et
1112 1288 1495 1353 inuisibilia.

699 1423 828 1487 hoc
872 1433 990 1499 est,
1022 1423 1135 1487 illa
1165 1434 1231 1488 et
1263 1425 1390 1488 ista
1421 1426 1648 1487 omnia
1677 1425 2032 1488 coniuncta
2062 1435 2217 1490 sunt
2247 1426 2519 1490 ulterius
2550 1435 2618 1490 et
2647 1417 2986 1508 conligata

572 1528 636 1591 in
670 1527 831 1610 ip30,
864 1529 1005 1591 siue
1046 1547 1202 1591 uero
1243 1538 1512 1611 propter
1556 1530 2041 1611 cognationem,
2084 1531 2225 1598 siue
2269 1539 2339 1593 et
2381 1539 2650 1611 propter
2695 1530 2984 1612 dignita-

468 1651 547 1699 10
570 1637 724 1693 tem.
813 1639 882 1693 et
905 1632 1239 1713 'quoniam
1279 1629 1392 1692 illa
1423 1651 1595 1713 quae
1626 1630 1915 1694 uisibilia
1947 1641 2135 1694 erant
2166 1632 2381 1714 magis
2411 1642 2592 1695 certa
2623 1652 2766 1696 esse
2798 1632 2984 1696 uide-

569 1735 826 1813 bantur,
870 1745 1105 1818 utpote
1149 1734 1505 1798 manifesta
1550 1744 1829 1799 extante
1870 1734 2321 1799 familiaritate
2357 1735 2471 1798 illa
2510 1756 2682 1817 quae
2712 1744 2853 1799 erat
2895 1735 2981 1799 ad

570 1836 789 1920 ipsum
837 1838 1195 1913 hominem,
1244 1838 1356 1919 qui
1411 1837 1690 1913 uidetur,
1739 1838 2275 1920 praetermittens
2320 1837 2448 1899 hoc
2493 1837 2579 1900 ad
2626 1835 2985 1900 inuisibilia

570 1942 822 2016 transit,
855 1961 934 2004 eo
965 1941 1144 2024 quod
1177 1942 1261 2003 de
1293 1940 1419 2002 illis
1461 1941 1714 2004 dictum
1759 1941 1973 2003 maius
2020 1962 2164 2004 esse
2210 1943 2598 2021 uidebatur3
2642 1942 2985 2006 euidenter

569 2044 824 2109 habens
855 2044 961 2108 hic
992 2044 1469 2126 magnitudinis
1501 2044 1760 2108 illorum
1795 2044 2258 2127 probationem
2291 2068 2464 2130 quae
2493 2068 2613 2130 per
2645 2046 2983 2111 Christum
3039 2089 3044 2094 -

469 2166 540 2233 15
573 2160 729 2214 sunt
760 2152 1028 2227 directa,
1072 2147 1179 2232 [eo
1210 2147 1420 2233 quod]
1463 2158 1531 2214 et
1576 2148 1943 2212 inuisibiles
1989 2159 2267 2230 naturae
2312 2151 2380 2212 in
2427 2150 2540 2214 illo
2586 2162 2984 2235 acceperunt

572 2253 1045 2317 recreationem
1068 2275 1084 2315 ε

699 2411 874 2475 sedes
898 2411 1038 2475 siue
1063 2411 1542 2488 dominationes,
1559 2410 1971 2495 principatus
1997 2411 2136 2476 siue
2148 2422 2504 2496 potestates.

704 2545 882 2609 unde
927 2566 1060 2609 non
1106 2555 1207 2610 est
1252 2557 1659 2611 memoratus
1700 2546 2157 2632 ‘angelorum,'
2207 2568 2285 2611 eo
2337 2548 2517 2631 quod
2565 2548 2692 2612 hoc
2739 2567 2983 2611 nomen

573 2650 1075 2714 ministrationis
1108 2652 1319 2733 magis
1362 2651 1875 2733 significantiam
1914 2653 2159 2716 habere
2191 2653 2562 2730 uideretur3
2610 2654 2725 2716 sed
2758 2652 2986 2716 ‘sedes

464 2767 550 2815 20
574 2763 642 2818 et
671 2754 1161 2818 dominationes
1193 2763 1259 2818 et
1290 2755 1699 2836 principatus
1732 2764 1799 2817 et
1837 2764 2205 2837 potestates
2225 2755 2238 2779 '
2272 2755 2462 2829 dixit,
2501 2775 2672 2835 quae
2704 2762 2769 2816 et
2803 2754 2986 2835 ipsae

574 2867 897 2921 uocantur
951 2858 1220 2941 quidem
1282 2859 1375 2920 sic
1422 2879 1461 2921 a
1509 2857 1846 2921 functione
1892 2857 2006 2921 illa
2052 2879 2253 2941 quam
2309 2858 2585 2941 implere
2636 2858 2987 2936 uidentur;

573 2962 824 3026 habent
870 2971 1095 3025 autem
1141 2970 1208 3025 et
1253 2961 1544 3044 aliquam
1590 2960 2142 3042 significationem
2192 2961 2540 3043 dignitatis
2588 2960 2760 3023 illius
2813 2981 2987 3043 quae

575 3077 679 3131 est
708 3066 794 3130 ad
826 3066 992 3143 illos,
1028 3086 1107 3130 eo
1138 3066 1319 3148 quod
1351 3075 1783 3148 susceperunt
1816 3075 1890 3128 ut
1921 3066 2285 3129 inuisibiles
2318 3067 2726 3130 immineant.
2773 3075 2842 3129 et
2874 3066 2985 3129 alii

675 3260 703 3309 3
738 3247 810 3295 uti
833 3261 945 3295 cum
968 3245 1081 3307 (jor
1099 3246 1284 3305 utrum)
1316 3245 1360 3293 C
1378 3245 1445 3293 II
1458 3260 1490 3291 r

581 3340 636 3390 17
672 3328 778 3378 siue
804 3326 896 3389 (1⁰)
925 3343 1001 3375 om
1024 3327 1091 3375 H
1234 3328 1293 3375 18
1327 3326 1600 3374 minoratus
1626 3326 1744 3389 (sor
1764 3326 1938 3384 mem.)
1964 3326 2030 3373 H

576 3423 640 3459 20
673 3410 790 3474 quia
812 3417 861 3457 et
885 3408 991 3472 ipse
1013 3424 1045 3455 r
1240 3422 1300 3455 22
1337 3407 1423 3471 qui
1448 3407 1563 3470 (for
1582 3408 1731 3470 quae)
1761 3406 1830 3455 C*

1672 3256 1703 3306 9
1739 3243 2074 3307 cognitionem
2099 3244 2210 3291 Hr
2398 3254 2453 3304 15
2489 3257 2551 3291 eo
2574 3242 2708 3307 quod
2731 3259 2808 3292 om
2838 3244 2992 3293 CHr

2179 3338 2234 3387 19
2269 3325 2428 3388 magis
2450 3341 2528 3373 om
2550 3324 2617 3373 H
2636 3322 2643 3387 Ι
2674 3325 2870 3374 uidetur
2891 3326 2957 3375 H
2958 3326 2987 3351 ⁴*

2032 3420 2092 3469 23
2128 3405 2379 3455 emineant
2401 3422 2434 3454 r

643 3598 689 3648 3.
746 3584 1097 3642 utrum...aut]
1146 3582 1241 3632 See
1266 3599 1346 3632 vv.
1370 3582 1442 3642 11.,
1470 3583 1569 3631 and
1594 3598 1730 3631 com-

575 3680 696 3730 pare
728 3664 910 3712 Thdt.:
956 3659 1125 3721 ἐπειδή
1158 3664 1288 3710 ἐστιν
1324 3664 1402 3712 καὶ
1436 3664 1487 3711 ἐν
1523 3660 1734 3724 οὐρανοῖς

574 3743 738 3809 ὁρατά,
790 3746 850 3794 ὠς
894 3742 919 3792 ὁ
964 3742 1094 3803 ἥλιος
1138 3747 1215 3793 καὶ
1260 3744 1290 3803 ἠ
1336 3743 1513 3805 σελήνη
1566 3747 1643 3793 καὶ
1690 3746 1733 3792 οἱ

575 3828 785 3889 ἀστέρες,
816 3824 1024 3875 διδάσκει
1047 3828 1343 3888 σαφέστερον
1371 3829 1478 3875 τίνα
1502 3829 1640 3876 καλεῖ
1661 3825 1732 3876 οὐ·

575 3909 727 3973 prima,
756 3911 876 3956 εἴτε
895 3905 1059 3970 ὁρατά,
1086 3910 1202 3956 εἴτε
1223 3905 1416 3970 ἀόρατα.

645 4008 692 4055 5.
748 3989 922 4055 posuit
973 3989 1110 4037 enim
1166 3990 1256 4036 illa
1308 3989 1365 4037 in
1405 3989 1734 4052 firmamento

576 4072 721 4133 caeli]
787 4073 917 4122 Gen.
949 4071 982 4119 i.
1021 4081 1105 4130 17:
1153 4071 1318 4117 ἔθετο
1355 4066 1524 4118 αὐτοὺς
1562 4068 1587 4117 ὁ
1630 4066 1734 4118 θεὸς

578 4158 629 4204 ἐν
650 4152 721 4215 τῷ
742 4149 1038 4214 στερεώματι
1060 4148 1144 4199 τοῦ
1166 4147 1381 4213 ούρανοῦ.

649 4253 724 4287 10.
774 4242 821 4285 et
840 4235 1076 4300 quoniam
1101 4234 1192 4282 illa
1214 4249 1339 4296 quae
1362 4232 1597 4290 nisibilia,
1619 4230 1732 4292 δια]

579 4320 762 4369 Thdt.:
796 4320 903 4366 εἶτα
935 4315 994 4367 ὡς
1023 4314 1115 4365 τῶν
1148 4313 1331 4378 ὁρατῶν
1363 4314 1517 4373 δήλων
1549 4314 1734 4363 ἅπασιν

579 4401 947 4450 ὅντων...ταῦτα
976 4400 1257 4447 καταλιπὼν
1282 4398 1365 4447 τὸν
1393 4396 1487 4446 τῶν
1517 4395 1733 4459 ἀοράτων

580 4480 850 4542 κατάλογον
891 4481 1201 4542 διεξέρχεται.
1272 4479 1524 4543 Similarly
1556 4479 1730 4542 Chrys.

1831 3585 1932 3632 and
1954 3584 2144 3647 Thpht.

1904 3678 1978 3726 17.
2046 3662 2189 3724 sedes]
2270 3664 2339 3713 So
2385 3664 2583 3722 Ambr.,
2632 3665 2767 3728 Aug.
2815 3665 2991 3730 Vulg.,

1842 3745 2107 3795 “throni.”
2173 3746 2286 3794 The
2320 3745 2558 3794 omission
2596 3746 2654 3795 of
2684 3747 2790 3796 siue
2819 3747 2993 3799 before

1835 3829 1954 3877 sedes
1984 3829 2081 3877 and
2105 3828 2426 3892 principatus
2453 3844 2613 3877 seems
2636 3836 2688 3877 to
2718 3829 2782 3877 be
2811 3830 2910 3878 due
2938 3839 2994 3880 to

1835 3912 2186 3969 carelessness;
2217 3910 2318 3973 just
2337 3911 2498 3959 below
2524 3912 2594 3975 (p.
2616 3924 2728 3973 271,
2747 3911 2782 3959 l.
2806 3913 2886 3971 ιο)
2906 3913 2994 3963 the

1833 4009 1972 4042 verse
1996 3993 2037 4042 is
2060 3995 2243 4057 quoted
2272 4010 2395 4042 even
2426 4009 2563 4042 more
2592 3993 2796 4057 loosely,
2824 3996 2994 4047 whilst

1833 4074 2007 4131 above,
2051 4090 2100 4138 p.
2147 4088 2251 4139 191,
2290 4075 2343 4122 ll.
2375 4093 2422 4135 4,
2457 4087 2502 4134 5,
2538 4074 2623 4122 the
2658 4074 2758 4123 Gk.
2800 4081 2904 4124 text
2949 4076 2995 4125 is

1834 4154 2027 4216 exactly
2060 4155 2393 4217 represented.

1906 4250 1981 4299 19·
2028 4235 2432 4291 ministrationis,
2452 4234 2563 4296 δια]
2606 4235 2683 4284 Cf.
2705 4236 2842 4285 Heb.
2859 4236 2893 4284 i.
2915 4252 2994 4300 14.

1836 4317 1946 4364 The
1976 4316 2081 4364 title
2113 4315 2315 4375 ἄγγελοι
2346 4317 2552 4365 denotes
2579 4332 2608 4364 a
2638 4318 2848 4364 διακονία
2881 4319 2995 4376 (mi-

1837 4394 2088 4455 nistratio)
2106 4413 2121 4453 ;
2158 4393 2326 4455 θρόνοι,
2352 4397 2514 4454 κ.τ.λ.,
2540 4406 2636 4444 sets
2659 4396 2790 4445 forth
2813 4412 2842 4444 a
2866 4400 2995 4445 λειτ-

1837 4479 2006 4539 ουργία
2031 4478 2266 4541 (semctio,
2294 4495 2343 4543 p.
2367 4477 2476 4536 226,
2504 4479 2538 4526 l.
2564 4479 2655 4541 ¹3)-
