3293 5233
594 420 718 484 302
1259 415 1714 467 Tnssonokus
1761 414 2343 466 MOPSUESTENUS
2541 400 2698 484 [111.
2738 418 2760 463 1
2782 393 3007 480 1'-—13L

586 590 889 654 renouati
921 599 989 654 et
1020 590 1175 654 facti
1215 579 1580 654 secundum
1619 578 1979 671 imaginem
2019 587 2178 664 eius,
2210 586 2323 669 qui
2356 586 2546 651 istius
2582 575 3008 650 recreationis

592 693 782 756 uobis
812 702 1043 757 auctor
1071 693 1301 756 extitit
1325 691 1368 769 ;'
1400 699 1476 755 ut
1505 692 1704 768 dicat,
1731 690 2147 756 ‘Christi.’—‘
2160 691 2385 773 itaque
2404 691 2584 755 enim
2606 691 3006 756 inconuerti-

590 795 756 860 biles
787 816 1054 859 manere
1082 815 1204 858 uos
1235 795 1299 857 in
1333 795 1510 860 bono
1551 813 1670 876 per
1699 793 1924 856 omnia
1963 794 2290 871 conuenit,
2322 793 2453 857 hoc
2486 793 2664 858 enim
2707 793 2899 858 uobis
2935 794 3005 858 in

591 896 812 960 futuro
871 897 1101 978 aderit,
1156 915 1276 977 pro
1330 894 1770 978 possibilitate
1824 895 1891 957 in
1945 895 2279 977 praesenti
2340 894 2516 960 uita!
2633 895 2877 960 deinde
2934 905 3007 960 et

528 1019 560 1085 5
591 999 949 1063 ostendens
978 997 1172 1060 huius
1202 998 1622 1061 recreationis
1652 997 1934 1062 bonum:

600 1229 607 1234 ⁶
680 1147 795 1212 ubi
835 1169 961 1211 non
1002 1157 1098 1232 est
1117 1145 1389 1230 gentilis
1424 1157 1488 1210 et
1521 1147 1820 1224 Iudaeus,
1855 1147 2247 1212 circumcisio
2282 1159 2346 1212 et
2377 1147 2808 1234 praeputium,
2856 1147 3008 1213 bar-

596 1247 792 1311 barus
818 1257 881 1310 et
911 1246 1164 1328 Scytha,
1195 1269 1424 1311 seruus
1450 1257 1513 1310 et
1537 1248 1714 1324 liber,
1744 1247 1861 1311 sed
1882 1249 2103 1312 omnia
2129 1259 2192 1313 et
2221 1249 2290 1312 in
2318 1250 2612 1315 omnibus
2645 1249 2961 1317 Chris-tus.

727 1375 948 1439 ‘atubi
1011 1374 1278 1458 (inquit)
1343 1375 1411 1437 in
1473 1374 1585 1437 illa
1644 1374 2226 1440 transformatione
2274 1378 2780 1455 constiterimus,
2832 1376 3006 1442 ultra

597 1496 731 1539 non
763 1477 886 1540 erit
915 1477 1235 1540 discretus
1283 1477 1569 1539 Iudaeus
1609 1483 1680 1539 et
1708 1496 1889 1559 gens,
1978 1497 2134 1540 nam
2177 1478 2689 1541 circumcisionis
2720 1488 2786 1543 et
2818 1499 3009 1561 prae-

494 1599 572 1646 ιο
596 1582 762 1663 putii
807 1581 1115 1643 discretio
1162 1581 1558 1661 interempta
1603 1587 1719 1654 est,
1753 1599 1833 1642 eo
1877 1581 2055 1662 quod
2089 1579 2473 1644 inmortales
2512 1601 2739 1644 sumus
2769 1582 3005 1659 effecti,

596 1686 690 1749 ita
732 1694 805 1747 ut
843 1705 1055 1767 neque
1101 1681 1429 1747 barbarus
1460 1702 1674 1764 neque
1716 1681 1899 1745 liberi
1947 1703 2160 1765 neque
2206 1683 2375 1745 serui
2412 1684 2703 1764 poterint
2734 1684 3007 1749 ulterius

593 1786 890 1871 perspici,
940 1786 1202 1850 Christo
1249 1786 1315 1848 in
1361 1785 1670 1847 omnibus
1722 1785 2100 1867 adparente‚
2143 1787 2227 1848 ad
2277 1786 2461 1848 cuius
2505 1787 3005 1855 similitudinem

595 1887 1072 1951 inmortalitate
1112 1886 1475 1968 potiemur.'
1565 1885 1714 1948 illos
1755 1906 1911 1969 ergo
1942 1888 2054 1969 qui
2085 1886 2263 1950 hunc
2294 1889 2565 1951 modurn
2601 1889 2813 1953 induti
2850 1901 3007 1956 sunt

595 1989 933 2052 hominem
965 1997 1032 2053 et
1064 1989 1130 2051 in
1164 1987 1275 2051 illo
1307 1997 1461 2050 sunt
1491 1986 1706 2049 effecti
1739 1989 2102 2052 secundum
2149 1988 2448 2065 sormam,
2481 2010 2652 2072 quae
2697 1993 3012 2056 conueni-

495 2103 566 2170 15
599 2100 718 2154 unt
748 2091 1142 2154 obseruare?

730 2225 978 2289 induite
1014 2247 1161 2307 ergv
1201 2246 1314 2288 uos
1353 2234 1428 2287 ut
1467 2223 1644 2286 electi
1686 2222 1827 2299 Dei,
1857 2223 2070 2287 sancti
2103 2234 2167 2288 et
2205 2225 2432 2302 dilecti,
2468 2225 2714 2289 uis-cera
2758 2226 3012 2291 miseri-

596 2327 861 2402 cordiae,
895 2326 1364 2410 benignitatem,
1394 2327 1853 2404 humilitatem,
1888 2326 2461 2401 mansuetudinem,
2481 2327 2890 2409 patientiam.

727 2473 846 2535 per
884 2452 1109 2515 omnia
1149 2452 1276 2515 ista
1321 2452 1542 2525 suasit,
1575 2460 1649 2514 ut
1690 2452 1874 2530 illam¹
1903 2472 2074 2533 quae
2110 2452 2391 2517 inuicem
2426 2464 2528 2518 est
2567 2456 2907 2520 caritatem
2942 2456 3008 2520 in

599 2554 790 2618 nobis
838 2555 1332 2629 custodiamus;
1378 2553 1672 2618 caritatis
1720 2554 1896 2616 enim
1946 2574 2149 2637 opera
2201 2564 2354 2619 sunt
2401 2555 2545 2621 ista.
2633 2566 2701 2621 et
2752 2577 3012 2640 permar

489 2673 574 2720 20
601 2676 765 2719 nens
795 2656 859 2718 in
894 2656 1149 2719 hisdem
1181 2656 1418 2719 adicit:

728 2806 1097 2887 sufferentes
1156 2806 1224 2869 in
1274 2806 1544 2870 inuicem
1590 2817 1653 2869 et
1700 2806 2007 2870 donantes
2057 2807 2234 2871 uobis
2294 2807 2462 2890 ipsis,
2515 2807 2582 2872 si
2626 2807 2868 2891 aliquis
2924 2810 3022 2873 ad

596 2911 873 2994 aliquem
902 2912 1089 2975 habet
1114 2911 1448 2993 querelam.

728 3056 796 3110 et
826 3046 951 3109 hoc
981 3044 1296 3128 exemplo
1327 3044 1452 3108 illis
1485 3045 1759 3107 suadere
1791 3044 2060 3126 cupiens
2091 3044 2364 3107 adiecit:

728 3164 895 3227 sicut
920 3174 983 3226 et
1014 3161 1314 3227 Christus
1341 3161 1613 3257 donauit
1641 3160 1833 3236 uobis,
1869 3161 1963 3224 ita
1991 3173 2052 3224 et
2081 3184 2206 3226 uos,

702 3345 730 3393 3
764 3329 848 3378 hic
876 3329 945 3379 C*
969 3328 1056 3376 H:
1091 3335 1170 3376 tx!
1197 3329 1239 3377 C
1259 3329 1407 3389 (corr)
1654 3341 1679 3390 7
1715 3329 1859 3377 scitta
1889 3329 1931 3378 C
1993 3330 2152 3379 schita
2174 3332 2241 3380 H
2457 3347 2490 3396 9
2522 3333 2723 3396 gentilis
2750 3335 2793 3383 C
2812 3335 2963 3396 (corr)
2987 3352 3020 3384 r

610 3426 667 3473 13
700 3410 796 3459 hoc
818 3409 971 3458 modo
1000 3409 1041 3457 C
1063 3406 1210 3471 (corr)
1276 3407 1560 3456 huiusmodi
1584 3424 1615 3455 r
1849 3423 1903 3468 15
1940 3410 2203 3459 obseruare
2225 3426 2302 3459 om
2325 3411 2392 3460 H
2443 3412 2674 3461 conuenit
2697 3412 2947 3462 obseruari
2977 3415 3021 3465 C

611 3493 789 3551 (κυνῆς
825 3488 1060 3538 txtOr
1256 3490 1314 3536 18
1350 3488 1400 3536 in
1421 3504 1498 3536 om
1524 3487 1615 3536 H*
1818 3502 1878 3550 ²3
1914 3493 2008 3537 hoc
2030 3488 2196 3554 omrl
2226 3490 2447 3540 adicite
2509 3492 2635 3540 aitr

678 3663 720 3698 1.
789 3647 1121 3714 recreattbnis]
1158 3649 1252 3698 See
1286 3650 1461 3708 above,
1490 3665 1556 3697 on
1589 3649 1702 3697 Col.
1729 3649 1761 3695 i.
1931 3664 2007 3713 13.
2073 3650 2209 3699 hunc
2263 3651 2482 3712 modum]
2605 3653 2746 3701 Read
2803 3652 3019 3717 perhaps

615 3744 688 3793 15,
726 3729 795 3781 16.
1859 3732 1998 3781 hunc
2017 3748 2202 3781 nouum
2222 3733 2306 3792 (cf.
2323 3750 2373 3798 p.
2392 3748 2503 3795 301,
2523 3734 2558 3782 l.
2582 3735 2688 3798 19);
2722 3752 2778 3784 or
2796 3737 3018 3801 possibly

677 3829 722 3862 α.
791 3819 850 3862 ut
891 3813 1023 3860 dz'cat
1069 3810 1333 3871 ‘Christi’J
1381 3812 1557 3875 Chrys.
1583 3829 1597 3860 ε
1655 3808 1762 3859 κατ’
1862 3829 2048 3861 nouum
2071 3829 2186 3877 may
2207 3814 2335 3863 have
2365 3813 2515 3865 fallen
2545 3823 2632 3864 out
2654 3815 2777 3865 aster
2801 3818 3018 3866 modum.

608 3897 774 3944 εἰκόνα.
797 3892 1025 3955 Χριστοῦ·
1057 3890 1201 3941 τοῦτο
1228 3893 1322 3955 ’γάρ
1352 3894 1484 3942 ἐστιν
1513 3899 1525 3920 ⁸
1543 3892 1650 3941 κατ’
1674 3895 1759 3940 clx.
1932 3907 2006 3956 17.
2074 3897 2517 3957 mansuetudinem]
2598 3895 2867 3958 πραΰτητα.
2936 3899 3018 3948 Cf.

609 3973 695 4025 τοῦ
725 3977 846 4025 κτὶσ.
887 3972 1059 4022 αὐτόν]
1130 3974 1385 4036 Similarly
1407 3974 1580 4031 Thdt„
1607 3973 1763 4036 citing
1863 3977 1977 4026 Gal.
2001 3993 2049 4024 v.
2078 3990 2152 4036 23,
2181 3986 2351 4040 supra.
2419 3977 2587 4041 Vulg.‚
2622 3981 2655 4004 “
2671 3978 3020 4027 modestiam.”

612 4060 760 4106 Rom.
785 4057 887 4104 viii.
915 4070 1008 4115 ²03
1045 4056 1174 4104 Phil.
1197 4056 1268 4103 iii.
1295 4070 1373 4104 21.
1928 4072 2006 4106 ’11,
2072 4057 2370 4120 ”effe-rentes]
2436 4058 2507 4107 So
2527 4057 2696 4107 Sedul.
2714 4059 2849 4107 Scot.
2876 4060 2940 4108 Ο.
2958 4059 3019 4107 L.

676 4138 1085 4197 inconuerlibiles]
1117 4135 1391 4200 ἀτρέπτους.
1426 4137 1520 4186 See
1540 4136 1755 4195 Ronsch‚
1862 4140 1960 4186 and
1987 4139 2153 4201 Vulg.,
2187 4138 2637 4204 “supportantes‘’

610 4223 761 4281 Itala,
800 4237 851 4285 p.
884 4238 934 4271 11
946 4238 991 4283 5.
1060 4222 1139 4270 Cf.
1170 4238 1221 4285 p.
1255 4220 1332 4280 26,
1366 4221 1399 4269 l.
1433 4237 1504 4279 11,
1535 4230 1670 4269 note.
1931 4236 2010 4281 24.
2088 4219 2339 4279 Christus]
2419 4221 2488 4268 So
2541 4220 2789 4269 Ambrstr.
2843 4220 3013 4284 vulg„

673 4318 721 4368 9.
782 4303 1204 4368 gensJ=gentilis.
1273 4304 1415 4352 with
1454 4303 1539 4352 the
1577 4316 1761 4351 comm.
1870 4300 1904 4323 “
1923 4296 2221 4346 Dominus.”
2283 4295 2310 4345 ό
2333 4299 2538 4359 Χριστός
2562 4298 2601 4345 is
2626 4299 2708 4347 the
2732 4298 2937 4362 reading
2968 4301 3028 4348 os

608 4387 670 4435 cs.
698 4402 782 4451 pp.
807 4400 885 4447 57,
915 4387 948 4433 1.
979 4399 1054 4446 14,
1074 4400 1178 4449 sq.;
1221 4400 1324 4449 150,
1355 4387 1387 4433 1.
1412 4383 1461 4441 6,
1485 4399 1560 4448 sq.
1865 4382 2057 4444 Chrys.‚
2088 4382 2242 4429 Thdt.

683 4484 753 4516 11.
813 4467 1056 4530 poterint]
1124 4466 1202 4514 Cf.
1226 4483 1276 4529 p.
1310 4465 1412 4528 163,
1445 4466 1475 4512 1.
1506 4480 1580 4524 2⁴·
1612 4471 1744 4512 note.
