3293 5233
310 423 557 508 11.15]

1044 435 1124 485 IN
1176 436 1278 484 ΕΡ.
1326 434 1427 484 ΑΙ)
1474 432 1991 484 COLOSSENSES.

2597 428 2737 499 291:

307 610 467 672 dum
526 609 865 691 baptisma
919 601 1214 672 nostram
1275 600 1860 670 con'uersationem'
1903 599 2326 667 ordinantes‘
2371 598 2390 652 Ϊ
2415 612 2483 666 et
2541 598 2737 685 quod*

309 710 523 779 maius
554 724 694 777 est:

435 877 665 920 exuens
696 877 763 918 se
777 853 1186 937 priricipatus
1222 862 1285 916 et
1311 862 1655 936 potestates
1694 852 1995 918 traduxit
2025 874 2170 915 cum
2187 851 2461 936 fiducia,
2492 852 2733 944 trz‘umj

295 956 514 1039 plzans
540 977 640 1022 eos
671 956 741 1019 in
769 978 850 1019 se.

439 1078 886 1164 †princzpatus
941 1090 1004 1144 et
1043 1090 1385 1163 potestates
1439 1081 1568 1144 hoc
1618 1082 1683 1143 in
1756 1080 1903 1144 loco
1948 1082 2314 1145 contrarias
2360 1080 2525 1144 dicit
2584 1101 2728 1145 esse
2806 1086 2836 1153 5

314 1180 606 1257 uirtute5‚
636 1202 807 1264 quae
828 1183 1146 1245 aduersus
1172 1201 1293 1244 nos
1314 1180 1564 1244 nullam
1596 1181 1958 1265 aliquando
1980 1182 2369 1246 habuissent
2398 1184 2729 1258 uirtutem,

312 1285 365 1355 si
420 1303 542 1346 nos
594 1305 869 1366 peccare
931 1284 1205 1347 minime
1267 1285 1734 1366 potuissemus.

1824 1290 1841 1315 ‘
1860 1304 2016 1348 nam
2077 1285 2414 1367 deponere
2460 1285 2729 1367 (inquit)

315 1384 808 1461 mortalitatem,
868 1405 1070 1468 quam
1131 1405 1251 1467 pro
1311 1388 1650 1449 communi
1712 1388 2013 1449 omnium
2075 1386 2353 1450 abstulit
2424 1387 2729 1472 utilitate,

313 1487 503 1548 exuit
540 1497 609 1549 et
644 1486 795 1549 illos
841 1488 1304 1550 auctoritatem
1350 1486 1532 1550 illam
1583 1508 1718 1570 qua
1756 1488 2206 1550 abutebantur
2236 1488 2555 1550 aduersus
2587 1506 2730 1562 noS,

314 1609 629 1672 magnam
675 1601 744 1655 et
788 1591 1132 1654 indubiam
1178 1591 1495 1654 aduersus
1541 1611 1657 1654 eos
1702 1591 2038 1672 proferens
2084 1591 2474 1664 uictoriam;
2521 1591 2613 1653 ita
2658 1599 2733 1653 ut
2769 1606 2848 1653 10

314 1691 808 1755 confundantur
866 1701 933 1755 et
992 1691 1084 1755 illi
1161 1712 1333 1754 uane
1411 1692 1732 1755 aduersus
1793 1713 1918 1755 nos
1997 1701 2261 1755 tantum
2337 1693 2731 1755 sustinuisse

316 1794 628 1870 laborem,
703 1816 792 1858 ex
890 1815 1023 1876 quo
1098 1795 1350 1858 nullum
1446 1794 1814 1876 profectum
1890 1794 2136 1857 habere
2209 1803 2584 1875 potuerunt,
2660 1795 2730 1857 in

317 1897 653 1960 meliorem
707 1907 955 1964 statum
1010 1898 1502 1961 transeuntibus
1556 1898 1766 1973 nobiS,
1812 1897 1904 1962 ita
1951 1907 2025 1960 ut
2079 1897 2249 1961 ultra
2297 1918 2419 1960 nec
2455 1917 2747 1980 peccare*

412 2062 518 2140 Ἴαἱ
573 2061 1011 2146 α’ντικείμεναι
1073 2063 1370 2144 δυνάμεις
1430 2062 1545 2129 οὐκ
1598 2061 1680 2128 ἄν
1723 2089 1889 2138 ποτε
1938 2063 2144 2151 ἔσχον
2202 2061 2346 2128 τινὰ
2393 2060 2591 2150 ἰσχὺν
2638 2062 2728 2145 μὴ
2830 2073 2833 2075 ’

318 2156 791 2254 ἓπιδεχομένων
832 2165 1018 2251 ἡμῶν
1060 2166 1471 2249 ἁμαρτάνειν.

1559 2172 1576 2200 ‘
1595 2169 1688 2253 τῷ
1734 2164 1846 2232 οὖν
1890 2165 2260 2232 ἀποθέσθαι
2309 2164 2560 2251 (φησὶν)
2612 2168 2734 2244 τὴν,
2765 2181 2836 2250 15

320 2267 695 2348 θνητότητα,
754 2267 832 2351 ἣν
890 2267 1054 2356 ὑπὲρ
1116 2273 1230 2350 τῆς
1296 2259 1517 2350 κοινῆέ
1564 2267 1840 2355 α’φεῖλεν
1912 2266 2294 2356 εὐεργεσίας,
2354 2266 2727 2344 ἀπεδύσατο

320 2370 628 2439 κάκείνων
671 2372 790 2453 τὴν
834 2371 1223 2451 αὕθεντειάν,
1252 2371 1419 2461 ᾗπερ
1467 2371 1817 2461 ἐκέχρηντο
1864 2371 2006 2436 καθ’
2036 2371 2235 2455 ἡμῶν,
2266 2370 2582 2453 μεγίστην
2620 2370 2730 2436 καὶ

318 2472 783 2560 ἅναμφίβολον
829 2475 948 2556 τὴν
991 2479 1131 2540 κατ’
1184 2473 1396 2542 αὐτῶν
1439 2474 1879 2564 ἐργασάμενος
1923 2472 2120 2553 νίκην,
2170 2474 2252 2544 ὥς
2295 2472 2730 2562 αἰσχυνθῆναι

317 2573 648 2648 κάκείνους
675 2577 891 2661 μάτην
918 2580 1236 2645 τοσοῦτον
1267 2577 1783 2663 ἐπιδειξαμένους
1813 2578 1959 2644 καθ’
2004 2576 2182 2659 ἡμῶν
2224 2576 2335 2645 τὸν
2371 2576 2590 2657 πόνον,
2617 2573 2728 2664 ἀφ’
2839 2656 2854 2665 ἢ

316 2678 391 2745 οὗ
418 2678 856 2762 μηδὲνάὗτοῖς
901 2682 1150 2763 ἐγένετο
1198 2682 1454 2769 ὄφελος,
1503 2683 1572 2747 ἐν
1611 2680 1930 2766 κρείττονι
1970 2686 2050 2767 τῇ
2096 2682 2502 2751 καταστάσει
2544 2710 2728 2768 ὙεὙο-
2760 2694 2856 2750 20

318 2781 521 2848 νότων
548 2782 743 2864 ἡμῶν,
776 2783 858 2855 ὥς
886 2784 1048 2866 μηδὲ
1078 2785 1385 2872 ἁμαρτεῖν
1413 2783 1584 2867 ἡμᾶς
1615 2783 2044 2873 ἐπιδέχεσθαι
2075 2784 2207 2851 ἔτι.’

415 2971 442 3021 7
477 2960 734 3024 deponens
761 2962 804 3010 C
824 2960 972 3023 (corr)

323 3055 380 3090 12
415 3041 466 3088 in
500 3041 717 3091 melioris
750 3049 940 3092 tanturn
972 3043 1042 3092 C*
1066 3061 1099 3093 r

317 3119 470 3171 ἄλλος
494 3122 546 3170 δὲ
567 3122 711 3171 οὕτως
734 3124 897 3183 φησίν·
934 3124 984 3171 αὶ
1005 3120 1180 3180 ἀντ-ιη,
1207 3124 1357 3173 κ.τ.λ.

762 3217 805 3246 fi

384 3283 431 3329 3.
497 3281 677 3319 extans
707 3267 774 3327 se]
843 3268 914 3317 So
954 3267 1018 3318 O.
1050 3270 1147 3328 L.;
1181 3269 1351 3333 Vulg.‚
1388 3284 1468 3316 ex-

307 3348 524 3410 polians.
594 3347 705 3396 The
727 3348 1065 3398 construction
1089 3349 1211 3398 with
1233 3365 1263 3397 a
1285 3349 1470 3397 double

316 3445 421 3478 acc.
439 3431 482 3478 is
504 3430 739 3493 repeated
762 3432 814 3478 in
839 3430 922 3479 the
944 3447 1128 3480 comm.
1152 3431 1332 3489 belom
1366 3432 1399 3479 l.
1421 3445 1469 3492 9.

322 3508 450 3555 Cum
462 3506 677 3571 fiducia,
705 3525 762 3558 so
797 3509 934 3569 Hil.;
975 3510 1128 3573 Aug„
1148 3508 1471 3573 fiducialiter.

318 3590 491 3653 Vulg.‚
510 3590 703 3653 palam.

384 3687 427 3736 5.
495 3674 772 3721 contrarias
803 3673 853 3720 d.
888 3688 982 3721 esse
1012 3671 1244 3733 uirtutes]
1314 3672 1389 3723 Cf.
1420 3689 1471 3737 p.

324 3769 433 3819 191,
481 3754 515 3804 1.
558 3769 603 3817 5,
641 3771 717 3820 sq.
800 3755 1019 3819 Chrys:
1068 3756 1153 3804 τὰς
1199 3758 1474 3817 διαβολικὰς

322 3835 546 3893 δυνάμεις
569 3835 718 3894 λέγει.

388 3926 434 3975 7.
499 3915 885 3978 deponere1=rq⁴3
933 3917 1219 3965 ἀποθέσθαι.
1296 3918 1475 3981 Jacobi

320 3995 515 4046 follows
576 3996 661 4044 the
729 3997 913 4046 Corbie
978 4007 1242 4056 corrector,
1309 3998 1475 4047 whose

321 4077 641 4126 emendation
679 4077 777 4126 had
817 4077 945 4126 been
979 4078 1126 4140 given
1161 4078 1228 4141 by
1254 4078 1389 4126 Pitra
1422 4094 1476 4126 as

318 4157 542 4220 ifprima
565 4173 741 4205 manu.

386 4255 431 4306 9.
503 4240 642 4288 exuit
691 4245 739 4288 et
790 4240 900 4288 illos
960 4239 1316 4301 auctoritatem]
1395 4240 1474 4289 Cf.

320 4328 494 4384 supra,
522 4321 558 4369 l.
583 4336 629 4384 3,
657 4328 795 4369 note.
863 4322 974 4370 The
1010 4321 1291 4378 translator,
1326 4330 1380 4370 to
1413 4323 1477 4371 be

321 4402 610 4461 consistent,
661 4402 840 4451 should
879 4403 1006 4451 have
1051 4403 1246 4452 written
1292 4403 1475 4453 “exuit

322 4504 375 4537 se
409 4488 605 4537 illorum
642 4485 808 4536 auct.’'
877 4485 974 4533 Th.
1022 4484 1187 4533 would
1223 4499 1342 4546 say:
1383 4485 1477 4547 ‘by

1103 2963 1134 3012 8
1168 2962 1434 3012 utilitatem
1462 2959 1533 3012 C*

1665 2975 1697 3026 9
1728 2978 1857 3026 quae
1882 2960 1953 3012 C*
2092 2975 2144 3012 11
2173 2962 2258 3012 ille
2286 2963 2356 3013 C*
2381 2963 2496 3014 illae
2517 2982 2678 3016 uanae
2701 2985 2735 3017 r

1337 3060 1394 3107 14
1428 3059 1501 3108 sq.
1532 3042 1684 3093 Coisl.
1712 3059 1827 3107 204,
1850 3044 1883 3093 s.
1918 3055 2008 3107 153
2031 3043 2066 3092 b
2100 3044 2207 3105 [Cr.
2236 3045 2299 3094 vi.
2330 3059 2440 3109 223,
2482 3048 2564 3096 Fr.
2597 3050 2728 3111 ¹⁴3]-

1508 3136 1572 3173 ἰο
1604 3122 1796 3183 ὅφειλος
1819 3122 1908 3172 Cr.

2075 3138 2101 3171 ἰ
2113 3140 2131 3172 1
2170 3120 2457 3185 ἁμαρτάνειν
2477 3126 2590 3176 edd.

1573 3267 1774 3330 putting
1812 3266 1887 3317 off
1926 3267 2026 3316 His
2069 3262 2337 3331 mortality,
2380 3268 2468 3318 He
2502 3268 2728 3319 divested

1574 3348 1661 3397 the
1704 3347 1802 3396 evil
1847 3347 2014 3412 spirits
2058 3348 2117 3395 of
2154 3347 2281 3397 their
2325 3363 2495 3411 power
2533 3350 2728 3412 against

1577 3429 1805 3478 Himself
1851 3429 1951 3478 and
2012 3428 2207 3492 against
2265 3428 2546 3479 mankind!
2648 3431 2728 3479 Cf.

1579 3510 1774 3559 Thdt.:
1826 3511 2092 3559 κατέλυσεν
2124 3506 2221 3558 τῶν
2261 3511 2489 3559 ἐναντίων
2524 3512 2613 3571 τὴν
2652 3512 2729 3559 δυ-

1575 3589 1944 3638 ναστείαν...ὃιὰ
1980 3591 2067 3637 τοῦ
2110 3591 2278 3638 οἰκείου
2314 3587 2534 3647 σώματος
2579 3586 2730 3640 πᾶσιν

1575 3666 1689 3726 ἡμῖν
1729 3667 1819 3726 τὴν
1861 3664 1964 3717 κατ’
2007 3665 2167 3717 αὐτῶν
2208 3671 2534 3730 χαρισάμενος
2579 3673 2728 3730 νίκην.

1583 3749 1746 3797 “The
1780 3764 1974 3812 powers
2009 3751 2067 3798 of
2093 3749 2206 3809 evil,
2245 3751 2410 3801 which
2441 3751 2539 3801 had
2580 3752 2732 3816 clung

1579 3830 1682 3880 like
1717 3848 1748 3881 a
1777 3831 1969 3881 Nessus
1998 3834 2119 3881 robe
2154 3834 2307 3882 about
2342 3834 2440 3882 His
2469 3833 2730 3898 humanity

1578 3928 1708 3962 were
1752 3921 1862 3962 torn
1902 3913 1978 3962 off
2015 3914 2113 3962 and
2153 3922 2258 3963 cast
2297 3915 2442 3963 ·aside
2486 3915 2562 3962 sor
2597 3930 2730 3964 ever.

1578 3995 1697 4044 And
1737 3996 1822 4045 the
1851 3995 2041 4059 victory
2063 3994 2122 4044 of
2146 3995 2389 4043 mankind
2423 3996 2466 4044 is
2496 3996 2730 4045 involved

1577 4079 1630 4126 in
1665 4079 1750 4127 the
1784 4079 1976 4141 victory
2008 4077 2066 4128 of
2093 4079 2276 4128 Christ.
2352 4078 2414 4127 In
2449 4079 2548 4128 His
2583 4078 2732 4131 Cross

1578 4177 1656 4210 we
1701 4168 1786 4210 too
1830 4176 1913 4210 are
1957 4160 2181 4209 divested
2228 4158 2285 4208 of
2334 4161 2418 4210 the
2463 4162 2734 4226 poisonous

1578 4241 1801 4304 clinging
1821 4249 2075 4304 garments
2097 4239 2155 4288 os
2187 4241 2483 4303 temptation
2523 4242 2622 4290 and
2655 4244 2731 4291 sin

1578 4322 1677 4371 and
1717 4322 1867 4371 death
1884 4319 1911 4341 '’
1954 4320 2230 4384 (Lightsoot
2267 4322 2345 4368 ad.
2391 4321 2442 4368 h.
2482 4321 2533 4380 1.,
2578 4322 2735 4386 citing

1579 4402 1717 4461 Ἧι).

2357 4595 2557 4659 19—2
