3293 5233
328 349 380 416 1.
421 355 513 430 18,
554 350 673 437 19·]

1047 365 1129 418 IN
1180 367 1284 419 ΕΡ.
1329 367 1432 419 ΑΙ)
1481 366 2026 419 PHILIPPENSES.

2611 365 2741 432 209

324 536 757 602 interuertere
803 538 1073 622 pietatis
1108 539 1388 622 cupiunt
1426 540 1718 623 dogma;
1763 540 1876 623 qui
1921 546 2187 603 tantum
2228 557 2352 601 nos
2392 536 2537 601 uult
2582 556 2743 619 erga

323 636 692 702 haereticos
743 640 974 702 odium
1029 639 1293 716 habere,
1343 642 1513 705 sicut
1564 642 1707 725 ipse
1758 641 2054 705 scribens
2105 638 2303 703 dicit:
2356 638 2742 703 haereticum

323 743 643 808 hominem
675 754 828 827 post
859 744 1159 826 primam
1205 755 1268 808 et
1306 745 1649 809 secundam
1690 744 2140 826 correptionem
2182 741 2418 806 deuita.
2493 740 2611 805 sed
2658 739 2746 802 de

327 849 456 915 illis
503 848 631 912 hoc
674 850 740 912 in
783 847 930 911 loco
972 847 1280 930 loquitur,
1323 850 1434 932 qui
1481 868 1717 913 sanam
1763 846 2034 930 quidem
2082 846 2453 911 doctrinam
2500 845 2744 908 docent

325 952 742 1034 dogmatum,
781 949 1034 1015 faciunt
1080 961 1306 1016 autem
1348 951 1510 1015 illud
1557 971 1691 1014 non
1733 949 1821 1013 ob
1864 950 2078 1032 ipsam
2124 949 2469 1031 pietatem,
2508 944 2627 1010 sed
2669 953 2745 1007 ut

324 1062 798 1116 commoneant
841 1062 1073 1118 contra
1118 1073 1271 1117 eum
1318 1052 1608 1117 insidias,

1700 1058 1767 1115 et
1819 1048 2182 1115 ostendens
2228 1048 2545 1130 quoniam
2586 1065 2745 1108 con-

326 1159 627 1238 sequenti
668 1159 925 1221 ratione
956 1159 1049 1221 ita
1081 1158 1375 1240 persistit
1406 1156 1491 1220 de
1522 1155 1653 1220 illis
1683 1153 1795 1238 qui
1828 1174 1960 1216 non
1995 1154 2251 1234 integre
2281 1150 2443 1216 illud
2476 1150 2744 1225 faciunt,

326 1261 446 1323 sed
479 1261 753 1323 insidias
784 1262 843 1324 ei
876 1261 1155 1343 cupiunt
1185 1280 1610 1324 commouere
1639 1279 1658 1322 z

457 1420 521 1473 et
562 1410 677 1473 lzoc
708 1410 978 1493 gaudee,
1022 1410 1139 1474 sed
1181 1421 1244 1474 et
1280 1409 1574 1494 gaudebo
1591 1433 1625 1486 ,·
1681 1410 1808 1475 scio
1847 1409 2023 1474 enim
2068 1409 2375 1491 quoniam
2420 1407 2534 1472 hoc
2581 1405 2752 1469 milti

314 1512 611 1594 prqficiet
659 1512 731 1575 in
772 1514 1061 1589 salutem,
1093 1522 1220 1594 per
1260 1522 1544 1577 uestram
1588 1514 1940 1578 oratz'onem
1983 1522 2046 1576 et
2085 1512 2745 1577 subministrationem
2783 1535 2860 1584 10

335 1615 634 1698 Spiritus
674 1618 823 1680 Iesu
873 1615 1136 1682 Christi.

462 1743 599 1806 ‘his
652 1744 747 1807 ita
793 1743 1049 1809 affectis
1100 1745 1349 1827 gaudio
1403 1743 1724 1819 cumulor,
1774 1744 1990 1807 sciens
2048 1744 2365 1827 quoniam
2413 1743 2478 1807 in
2525 1742 2748 1808 futuro

330 1846 597 1909 saeculo
629 1845 779 1928 plus
807 1844 1208 1928 gratulabor,
1228 1848 1500 1929 quando
1532 1868 1654 1930 pro
1683 1848 1788 1909 his
1813 1846 2188 1910 mercedem
2215 1846 2529 1928 recipiam
2554 1845 2747 1909 uobis

331 1947 692 2024 orantibus,
740 1957 805 2011 et
852 1947 1117 2015 Christo
1158 1951 1447 2032 gratiam
1482 1949 1771 2033 Spiritus
1814 1949 2156 2030 copiosam
2202 1949 2396 2012 nobis
2441 1968 2562 2031 pro
2605 1947 2747 2010 istis

332 2050 768 2132 praebente3'
834 2073 915 2116 eo
963 2054 1143 2135 quod
1198 2063 1265 2116 et
1310 2054 1856 2116 resurrectionem
1904 2072 2023 2135 per
2072 2051 2394 2135 Spiritum
2442 2061 2746 2116 sanctum
2784 2070 2852 2136 15

330 2152 469 2216 fieri
503 2155 972 2237 expectabant,
1000 2165 1067 2221 et
1103 2155 1480 2220 fruitionem
1515 2157 1882 2220 futurorum
1908 2157 2252 2230 bonorum,
2277 2177 2358 2222 eo
2382 2157 2562 2240 quod
2593 2166 2748 2221 ante

331 2258 607 2342 adsequi
670 2261 1047 2342 sperabant.

435 2436 454 2470 ι
494 2419 692 2484 pietatis
714 2436 792 2469 om
814 2421 880 2471 H

338 2512 397 2548 ιο
429 2498 481 2547 in
504 2516 581 2547 om
612 2498 682 2548 C*
702 2501 805 2549 Hr

330 2644 524 2705 λέγοντι
560 2646 676 2692 εἴτε
710 2645 1025 2706 προφάσει,
1058 2648 1232 2695 κ.τ.λ.;
1266 2647 1367 2695 and
1390 2646 1489 2696 this

330 2722 734 2786 misapplication
756 2722 815 2771 os
842 2723 926 2772 the
949 2731 1054 2772 text
1077 2724 1119 2771 is
1140 2724 1247 2772 also
1275 2723 1489 2774 referred

333 2809 387 2852 to
410 2804 477 2867 by
500 2804 651 2852 Thdt.
679 2805 778 2852 and
803 2805 946 2860 Oec..
972 2804 1057 2853 the
1080 2804 1261 2854 former
1283 2806 1487 2871 saying:

331 2889 477 2936 τοῦτό
498 2904 619 2935 τινες
641 2888 737 2935 τῶν
760 2888 974 2946 ἀνοήτων
1002 2890 1082 2936 καὶ
1104 2890 1212 2948 περὶ
1240 2887 1336 2935 τῶν
1363 2888 1489 2949 aipe-

333 2986 455 3018 σεων
480 2970 805 3029 ὑπειλήφασιν
825 2970 1064 3032 εἰρῆσθαι·
1100 2971 1255 3018 καίτοι
1288 2970 1490 3018 συνιδεῖν

333 3049 500 3102 αὐτοὺς
524 3053 620 3101 ἔδει
647 3051 708 3101 ὡς
741 3053 797 3100 οὐ
829 3049 1189 3112 προστακτικῶς
1223 3048 1329 3100 ἀλλ’
1365 3054 1488 3112 ἀφη·

331 3132 611 3194 mamm&
642 3133 786 3181 τοῦτο
818 3133 1029 3180 τέθεικεν
1062 3133 1089 3180 ὂ
1121 3134 1167 3180 θ.
1201 3130 1487 3183 ἀπόστολος·

333 3214 390 3261 οὐ
451 3214 552 3276 ’γὰρ
596 3215 728 3261 εῖπεν
782 3216 1308 3276 καταγγελλέσθω,
1357 3213 1490 3263 ἀλλὰ

337 3289 948 3360 καταΓΓέλλεται-αιι
987 3306 1247 3361 argument
1292 3299 1390 3348 due
1436 3307 1488 3348 to

334 3372 533 3435 Chrys,
579 3372 655 3421 for
693 3373 855 3421 which
896 3373 1018 3423 Oec.
1062 3374 1152 3422 has
1190 3375 1487 3424 substituted

333 3453 419 3502 the
442 3454 681 3503 assertion
705 3453 811 3502 that
834 3457 866 3479 “
884 3469 1034 3517 many
1055 3454 1113 3503 os
1130 3455 1212 3505 the
1236 3455 1445 3505 heretics
1460 3455 1489 3477 ’⁹

334 3534 746 3598 misrepresented
792 3533 890 3583 this
935 3542 1052 3593 text,
1098 3551 1152 3584 as
1191 3535 1236 3584 if
1275 3536 1358 3584 the
1398 3536 1487 3585 irn-

334 3616 555 3680 perative
578 3616 678 3664 had
702 3616 828 3666 been
851 3616 988 3665 used.
1037 3616 1162 3666 This
1179 3618 1221 3667 is
1244 3618 1489 3683 probably

331 3697 544 3761 nothing
578 3697 666 3746 but
706 3713 738 3745 a
772 3696 918 3760 hasty
955 3696 1203 3748 inserence
1238 3698 1364 3748 from
1404 3700 1489 3750 the

332 3774 577 3839 language
611 3774 672 3824 os
701 3777 778 3825 his
815 3778 1182 3840 predecessors3
1234 3780 1322 3828 but
1362 3780 1490 3829 from

334 3856 419 3906 the
464 3858 633 3906 united
679 3867 868 3922 protest
913 3859 972 3908 os
1009 3861 1207 3925 Chrys„
1249 3862 1347 3911 Th.
1390 3864 1491 3912 and

334 3939 485 3989 Thdt.
515 3940 554 3988 it
584 3940 624 3988 is
653 3939 786 3989 clear
808 3940 914 3990 that
946 3950 997 3992 at
1027 3943 1112 3992 the
1142 3944 1414 4008 beginning
1440 3944 1498 3993 os

333 4019 417 4069 the
443 4020 550 4069 fifth
574 4028 776 4083 century
794 4020 877 4070 the
903 4022 1153 4087 Apostle's
1176 4025 1338 4073 words
1363 4041 1491 4074 were

333 4101 454 4149 used
499 4101 568 4164 by
612 4116 762 4165 many
794 4117 849 4150 as
887 4118 951 4150 an
996 4113 1253 4167 argument
1298 4107 1490 4169 against

335 4182 419 4230 the
460 4182 717 4246 prevalent
756 4183 951 4232 attacks
995 4200 1130 4249 upon
1176 4185 1351 4249 beresy
1390 4189 1489 4252 (Ja-

335 4266 476 4313 cobi:
525 4268 677 4315 “non
710 4267 914 4315 deerant
949 4267 1099 4331 igitur
1128 4268 1225 4317 illis
1259 4271 1490 4335 tempori-

335 4348 443 4402 bus,
482 4348 567 4412 qui
612 4348 905 4397 severiorem
944 4350 1182 4399 ecclesiae
1217 4351 1491 4401 catholicae

333 4435 384 4484 in
434 4435 707 4483 haereticos
753 4435 931 4498 agendi
979 4436 1184 4486 modum
1243 4438 1489 4502 improba·

509 4548 559 4597 S.

1083 2419 1115 2470 6
1148 2437 1462 2472 commouere
1484 2421 1692 2485 cupiunt
1715 2437 1748 2469 r

1004 2516 1058 2551 η
1094 2502 1290 2565 gaudeo
1312 2502 1538 2551 comulor
1562 2502 1668 2561 (sic)
1697 2499 1768 2550 C*

1167 2261 1441 2325 euidens
1492 2270 1719 2324 autem
1786 2268 1909 2340 est,
1969 2261 2287 2343 quoniam
2347 2268 2417 2324 et
2490 2260 2750 2325 futurae

1956 2437 1989 2490 9
2023 2435 2117 2485 ego
2142 2419 2251 2483 (bes
2256 2419 2509 2485 gaudebo)
2532 2419 2636 2468 add
2651 2419 2716 2469 H
2721 2419 2745 2443 ⁸

1589 2654 1699 2694 rent
1717 2643 1784 2707 '').
1870 2645 2012 2695 With
2050 2644 2148 2694 this
2190 2644 2562 2694 latitudinarian
2604 2653 2749 2708 party

1589 2727 1833 2792 (possibly
1855 2743 1886 2776 a
1917 2727 2035 2777 relic
2066 2726 2125 2775 of
2152 2726 2237 2778 the
2259 2727 2418 2776 Arian
2449 2727 2550 2778 and
2582 2727 2747 2778 Mace·

1588 2807 1777 2856 donian
1822 2807 2052 2866 factions)
2087 2807 2185 2856 Th.
2222 2807 2322 2856 had
2356 2823 2424 2856 no
2462 2808 2746 2873 sympathy‚

1586 2886 2035 2951 notwithstanding
2078 2887 2157 2936 his
2201 2886 2383 2937 dislike
2428 2887 2487 2937 os
2525 2890 2749 2941 coercive

1588 2984 1837 3018 mensures
1860 2968 1940 3033 (cs.
1960 2979 2135 3034 supra,
2159 2987 2211 3034 p.
2237 2969 2345 3031 106,
2365 2972 2397 3020 l.
2427 2973 2501 3029 18,
2525 2971 2678 3037 note).

1661 3067 1703 3101 α.
1754 3051 2045 3100 hae-remum
2067 3051 2330 3111 hominem,
2366 3051 2486 3116 &c.]
2542 3055 2645 3107 Tit.
2677 3054 2744 3104 iii.

1597 3147 1670 3182 10.

1659 3233 1704 3279 5.
1752 3222 1812 3265 ut
1850 3224 2186 3266 commoneant
2236 3225 2408 3266 contra
2459 3233 2572 3267 eum
2627 3220 2747 3269 insi-

1588 3296 1720 3356 dias]
1789 3297 1884 3346 See
1906 3297 2083 3353 above,
2107 3313 2158 3361 p.
2185 3299 2298 3354 208,
2324 3298 2358 3346 l.
2390 3314 2430 3359 ι,
2458 3304 2592 3349 note.

1662 3394 1732 3428 10.
1777 3379 2016 3443 profic-ist]
2071 3380 2544 3444 Vulg.‚proueniet;
2578 3381 2641 3431 Ο.
2665 3383 2747 3440 L..

1579 3461 1825 3524 procedat.
1893 3460 2007 3524 vig.
2038 3460 2192 3526 Taps.
2216 3462 2307 3512 has
2319 3464 2530 3527 prqficit.

1664 3557 1736 3591 η.
1776 3541 1833 3589 in
1842 3541 1954 3605 sut.
1975 3543 2118 3603 saca]
2155 3543 2329 3607 Chrys.
2348 3544 2490 3594 takes
2508 3547 2749 3607 σωτηρίαν

1589 3623 1641 3673 in
1657 3623 1742 3674 the
1757 3625 1909 3674 lower
1920 3641 2062 3675 sense
2072 3627 2130 3675 of
2140 3627 2450 3678 deliverance
2465 3629 2590 3701 from
2602 3630 2747 3696 peril:

1591 3705 1840 3752 τουτέστιν
1856 3707 1945 3765 τὴν
1964 3705 2283 3767 δπαλλαγήν·
2309 3710 2413 3756 ‘nat
2436 3711 2519 3757 τὸν
2534 3709 2750 3771 παρόντα,

1591 3786 1906 3848 διαφεύξομαι
1930 3788 1990 3838 ὡς
2011 3787 2096 3837 τὲν
2122 3787 2311 3852 πρῶτον
2332 3791 2577 3842 κίνδυνον.’

1663 3883 1681 3916 1
1692 3884 1736 3931 5.
1785 3884 1836 3916 eo
1856 3869 1992 3933 quod
2005 3876 2050 3918 et
2070 3874 2458 3922 resurrectionem
2474 3882 2569 3939 per
2589 3876 2749 3939 sz'ri-

1590 3954 1717 4008 tum,
1762 3948 1877 4009 &c.]
1950 3949 2030 3999 Cf.
2079 3967 2130 4014 p.
2177 3962 2253 4013 372
2297 3952 2331 4002 l.
2381 3968 2454 4015 13,
2504 3960 2621 4003 note
2639 3970 2654 4014 ς
2709 3961 2754 4004 et

1581 4028 1791 4092 passim.
1858 4029 1968 4078 The
2001 4030 2145 4080 other
2179 4031 2279 4081 Gk.
2317 4033 2592 4097 expositors
2625 4034 2752 4084 refer

1592 4108 1758 4158 rather
1802 4115 1855 4158 to
1897 4110 1981 4159 the
2026 4110 2244 4161 increase
2280 4113 2340 4162 of
2371 4124 2567 4179 present
2603 4132 2751 4180 grace

1591 4192 1692 4239 and
1716 4191 1938 4256 spiritual
1961 4193 2113 4257 gists3
2148 4211 2249 4259 e.g.
2275 4195 2490 4260 Thpht.:
2521 4200 2751 4261 ἐπιχορη·

1590 4278 1706 4335 γίαν
1741 4276 1790 4323 δὲ
1825 4277 1961 4336 λέγει
1983 4279 2073 4337 τὴν
2095 4281 2249 4327 πλείω
2270 4282 2485 4330 ἐπίδοσιν
2507 4284 2591 4344 τῆς
2613 4286 2749 4346 χάρι-

1590 4373 1671 4406 τος
1694 4357 1779 4405 τοῦ
1801 4359 2081 4417 πνεύματος.

2504 4562 2577 4624 14
