3293 5233
337 419 450 486 IV.
483 421 543 499 6,
577 419 662 505 7.]
1141 434 1223 485 m
1273 435 1378 488 ΕΡ.
1422 437 1525 487 AD
1570 435 1928 490 GALATAS.
2660 424 2743 505 63

332 607 472 671 iure
533 614 746 684 uocat,
803 614 1037 690 utpote
1086 615 1352 691 praeter
1410 628 1643 672 omnes
1703 607 2006 674 homines
2081 609 2550 694 participatum
2627 609 2744 674 filii

331 710 785 793 adoptionem,
815 719 1088 793 propter
1121 711 1618 793 copulationem
1667 711 1848 774 illam
1888 733 2024 794 qua
2067 713 2253 776 Deus
2297 714 2596 779 Verbum
2629 712 2743 795 qui

333 832 424 875 ex
479 812 677 877 Patre
722 821 824 877 est
867 814 1134 896 genitus
1181 832 1336 876 eum
1366 813 1490 876 sibi
1534 814 1852 896 copulare
1897 814 2210 898 dignatus
2257 825 2372 880 est.
2466 824 2534 879 et
2578 836 2744 898 quo-

332 915 510 978 niam
559 915 736 979 dixit
789 935 910 979 nos
963 913 1248 978 filiorum
1309 915 1611 998 accipere
1670 917 2124 999 adoptionem,
2187 918 2315 983 hoc
2376 927 2494 993 est,
2558 916 2741 980 illam

333 1018 882 1083 inmortalitatem
926 1039 1099 1102 quae
1143 1039 1232 1082 ex
1281 1020 1754 1085 resurrectione
1796 1030 1916 1099 est,
1949 1023 2144 1086 rebus
2175 1023 2335 1105 ipsis
2381 1021 2544 1085 illud
2585 1041 2744 1085 con·
2815 1032 2848 1098 5

332 1118 597 1184 firmat:

458 1254 765 1336 quoniam
806 1264 1021 1317 autem
1065 1254 1218 1317 estis
1244 1254 1396 1337 filii
1426 1255 1573 1331 Dei,
1606 1256 1797 1321 misit
1835 1257 2017 1321 Deus
2064 1258 2395 1341 Spiritum
2441 1257 2613 1323 Filii
2635 1257 2749 1320 sui

333 1360 400 1423 in
430 1359 726 1423 cordibus
755 1359 990 1422 nestris
1016 1360 1400 1423 clamantem
1428 1381 1452 1423 .·
1496 1360 1706 1438 Abba,
1738 1361 1961 1426 Pater.

459 1476 962 1561 †sequebantur
1012 1478 1188 1541 enim
1216 1488 1391 1542 ·tunc
1435 1478 1671 1542 datum
1707 1479 2033 1563 Spiritum
2067 1479 2383 1543 miracula
2417 1478 2532 1542 illa
2565 1499 2741 1561 quae

328 1580 597 1657 fiebant,
657 1582 827 1645 sicut
877 1580 1145 1664 saepius
1203 1580 1366 1644 dixi.
1441 1601 1635 1663 quae
1694 1582 1818 1665 ipsi
1878 1582 2314 1666 accipiebant,
2379 1580 2737 1655 faciebant,
2776 1597 2854 1646 10

329 1684 600 1747 indubie
622 1684 747 1747 sibi
778 1685 1012 1749 datum
1047 1683 1369 1766 Spiritum
1403 1685 1849 1750 ostendentes,
1909 1686 2063 1751 hinc
2092 1695 2319 1749 autem
2353 1694 2421 1750 et
2453 1684 2738 1749 filiorum

328 1787 760 1869 adoptionem
807 1808 881 1851 se
927 1787 1284 1877 adsecutos
1335 1807 1480 1851 esse
1533 1788 1920 1852 credebant.
2023 1788 2201 1853 unde
2253 1797 2320 1852 et
2375 1789 2518 1872 ipse
2579 1807 2740 1850 con-

327 1888 540 1953 fidens
599 1889 897 1955 firmitati
957 1890 1447 1973 probationum,
1508 1900 1745 1974 utpote
1805 1913 1892 1955 ex
1955 1891 2112 1974 ipsis
2167 1893 2361 1956 rebus
2412 1900 2737 1975 sumptae,

328 1978 500 2075 quae
531 2002 599 2058 et
629 1993 809 2077 apud
841 1993 990 2057 illos
1022 2002 1212 2057 erant
1242 1992 1537 2073 indubia,
1569 1996 1814 2059 adicit:

457 2132 674 2214 itaque
701 2131 835 2196 iam
881 2152 1008 2196 non
1050 2153 1117 2195 es
1152 2151 1394 2209 seruus,
1425 2130 1543 2195 sed
1559 2131 1758 2214 filius
1779 2151 1811 2205 ,·
1854 2131 1920 2195 si
1955 2141 2168 2194 autem
2187 2128 2403 2214 filius,
2455 2140 2521 2194 et
2561 2129 2740 2195 lieres
2777 2143 2847 2210 15

325 2236 462 2300 Dei
472 2247 598 2318 per
628 2235 976 2301 Christum.

455 2356 583 2418 ‘sic
632 2354 812 2418 nulla
864 2354 986 2418 tibi
1043 2354 1309 2437 (inquit)
1362 2354 1748 2418 communio
1797 2352 1972 2418 ultra
2021 2363 2122 2418 est
2182 2354 2268 2418 ad
2309 2376 2425 2418 eos
2462 2356 2574 2439 qui
2614 2357 2740 2421 sub

328 2457 474 2541 lege
520 2455 816 2521 uiuunt*
905 2458 1221 2540 quoniam
1269 2465 1494 2520 autem
1547 2456 1874 2538 Spiritum
1916 2456 2216 2520 adsecuti
2250 2456 2427 2532 estiS‚
2461 2457 2741 2520 euidens

450 2651 790 2733 ἦκολουθεῖ
829 2652 979 2721 τότε
1022 2657 1102 2739 τῇ
1150 2652 1328 2718 δόσει
1371 2657 1487 2719 τοῦ
1532 2652 1893 2735 πνεύματος
1939 2651 2022 2718 τὰ
2069 2651 2372 2736 γινόμενα
2425 2652 2737 2735 θαύματα,

322 2752 480 2841 ὅπερ
511 2757 966 2839 ἅναμφίβολον
1006 2757 1220 2828 αὐτοῖς
1249 2757 1365 2839 τὴν
1395 2756 1579 2823 δόσιν
1619 2755 1705 2826 ὦς
1748 2755 1911 2826 εἰκὸς
1951 2757 2153 2823 ἐποίει
2197 2761 2317 2822 τοῦ
2359 2756 2736 2837 πνεύματος·
2766 2775 2851 2823 20

321 2858 605 2926 ἐντεῦθεν
637 2861 705 2926 δὲ
736 2863 845 2927 καὶ
874 2860 949 2926 τὸ
978 2862 1090 2944 τῆς
1130 2859 1448 2930 υἱοθεσίας
1486 2860 1943 2943 μετειληφέναι
1984 2860 2341 2925 ἐπίστευον.
2432 2859 2580 2926 ὅθεν
2623 2861 2738 2924 καὶ

319 2959 508 3032 αὐτὸς
561 2963 891 3052 θαρρήσας
939 2968 1031 3050 τῷ
1076 2963 1330 3051 ἰσχυρῷ
1372 2967 1488 3045 τῆς
1542 2960 1942 3046 ἀποδείξεως,
1995 2961 2079 3032 ὥς
2128 2960 2243 3027 ἅτε
2295 2959 2370 3043 δὴ
2424 2960 2556 3026 ἀπὸ
2608 2965 2738 3028 τῶν

321 3066 720 3149 πραγμάτων
773 3065 1131 3153 εἷλημμένῳ
1170 3071 1297 3130 τῶν
1336 3065 1448 3130 καὶ
1489 3063 1644 3151 παρ’
1690 3064 1903 3133 αὐτοῖς
1962 3062 2440 3151 ἅναμφιβόλων
2492 3063 2736 3146 ἐπάγει·

320 3171 482 3233 ὥστε
515 3170 711 3243 οῨκὲτι
746 3165 805 3234 εἶ
833 3173 1073 3246 ΔοῨλοε,
1105 3171 1263 3234 ἀλλὰ
1295 3167 1442 3236 Υἷόε·
1485 3168 1533 3233 εἰ
1576 3170 1646 3234 A&
1691 3168 1834 3246 γῖόε,
1882 3167 1969 3233 καὶ
2022 3173 2411 3254 κλΗΡοΝόΜοε
2456 3171 2602 3243 fleo?
2646 3170 2737 3232 Διὰ

320 3272 587 3357 ΧριστοῨ.
678 3271 876 3343 οὕτως
924 3271 1192 3353 οὐδεμία
1243 3298 1350 3337 σοι
1385 3271 1636 3359 (φησὶν)
1670 3270 1828 3359 πρὸς
1877 3269 2022 3342 τοὺς
2070 3269 2196 3336 ὑπὸ
2247 3269 2443 3355 νόμον
2497 3273 2735 3351 ζῶντας
2764 3289 2842 3356 25

317 3372 614 3439 κοινωνία
655 3374 907 3440 λοιπόν.

415 3524 442 3558 2
479 3510 594 3574 quia
620 3511 732 3575 (fhr
752 3514 869 3576 qua)
895 3513 962 3561 H
1094 3515 1124 3562 8
1159 3512 1339 3562 nostris
1364 3511 1479 3573 (χον
1502 3513 1700 3572 uestris)
1726 3513 1793 3561 H
1806 3510 1955 3573 [ὑμῶν
1978 3511 2098 3561 Chr.
2127 3510 2307 3571 Thdt.]
2465 3527 2521 3575 ¹3
2558 3512 2734 3576 proba-

315 3595 503 3641 tionem
528 3593 594 3641 H
688 3607 743 3653 15
780 3602 852 3643 est
880 3596 996 3657 (fhr
1014 3597 1083 3654 es)
1109 3597 1174 3643 H
1192 3593 1199 3658 Ι
1231 3595 1436 3643 heredes
1460 3595 1527 3641 sl
1628 3609 1686 3659 ¹9
1705 3611 1775 3659 sq.
1804 3595 1960 3644 Coisl.
1982 3609 2093 3656 204,
2111 3593 2146 3642 s.
2168 3611 2230 3658 3ο
2247 3595 2295 3642 b.
2322 3594 2429 3655 [Cr.
2446 3595 2509 3643 vi.
2541 3596 2622 3654 61,
2648 3596 2729 3644 Fr.

324 3680 449 3742 127}
524 3679 753 3743 θεόδωρος
773 3680 973 3742 (marg.)
1115 3693 1175 3742 ²3
1213 3679 1504 3736 εἰλημμένων
1526 3677 1638 3724 cod.
1665 3678 1780 3726 edd.
1806 3676 1869 3727 cf.
1896 3677 1981 3726 lat.
2149 3692 2210 3737 24
2246 3678 2287 3724 εἰ
2309 3677 2359 3724 δὲ
2385 3673 2480 3724 υἱός
2501 3693 2601 3724 om.
2619 3676 2731 3725 cdd.

1571 3798 1629 3847 os
1669 3800 1753 3848 the
1797 3801 1938 3849 homo
1982 3806 2221 3862 smcq’lus
2264 3799 2408 3859 (κατὰ
2443 3799 2734 3858 πρόγνωσιν,

1571 3879 1674 3929 κατ’
1698 3883 1945 3939 εὐδοκίαν).
1990 3883 2085 3931 See
2110 3881 2194 3930 the
2218 3880 2485 3942 fragments
2510 3879 2566 3927 os
2592 3878 2736 3927 '1¹11.'s

387 3820 426 3852 1.
490 3810 591 3866 utp.
687 3809 823 3866 parl.
857 3801 967 3865 filie·
995 3799 1315 3864 adopfiom‘m]
1374 3800 1470 3848 See

314 3884 474 3932 above
507 3900 573 3932 on
609 3884 677 3932 iii.
716 3885 777 3931 28
811 3883 909 3931 and
933 3883 1073 3946 infra
1086 3889 1246 3944 pass„
1269 3898 1371 3944 esp.
1403 3897 1469 3929 on

315 3965 426 4014 Col.
455 3964 485 4014 ἰ.
534 3979 605 4026 13,
647 3965 764 4012 υἱὸν
798 3963 1029 4025 ἀγάπης
1063 3964 1206 4010 αὐτὸν
1241 3960 1470 4010 ἐκάλεσεν

313 4047 398 4108 [sc.
451 4048 535 4096 τὸν
580 4047 919 4105 ἀναληφθέντα
970 4043 1259 4104 ἄνθρωπον],
1311 4043 1371 4091 ὡς
1415 4045 1469 4091 οὐ

314 4131 456 4188 φύσει
491 4130 578 4176 τοῦ
616 4131 795 4188 πατρὸς
832 4129 950 4175 ὄντα
996 4129 1109 4184 υἱόν,
1150 4124 1255 4173 ἀλλ’
1296 4126 1468 4186 ἀγάπῃ

312 4211 397 4268 τῆς
438 4210 669 4257 υἱοθεσίας
709 4210 983 4266 ἀξιωθέντα.
1070 4207 1192 4254 This
1231 4206 1471 4269 adoption

312 4309 414 4339 was
445 4292 734 4339 manifested
772 4300 820 4338 at
857 4291 939 4338 the
979 4290 1218 4352 Raptism,
1255 4289 1345 4336 but
1381 4288 1467 4336 sol·

313 4371 472 4420 lowed
513 4373 636 4419 from
669 4372 754 4419 the
783 4371 950 4419 Union
988 4373 1189 4430 (ἕνωσις,
1219 4370 1467 4428 συνάφεια,

313 4455 584 4517 copulatio),
615 4454 776 4502 which
806 4455 951 4516 again
984 4470 1085 4502 was
1120 4454 1202 4502 the
1237 4453 1386 4501 result
1422 4452 1478 4501 os

314 4539 396 4587 the
422 4539 587 4588 divine
607 4538 1008 4602 sorcknowlcdge
1041 4538 1138 4586 and
1176 4543 1470 4599 acccptanee

1572 3965 1770 4013 treatise
1803 3981 1868 4013 on
1905 3964 1989 4013 the
2026 3964 2345 4011 Incarnation
2373 3962 2584 4024 (Migne,
2617 3977 2728 4024 975,

1572 4051 1685 4109 980,
1715 4047 1836 4105 &c.;
1872 4045 1932 4096 cs.
1965 4047 2162 4094 Dorner
2188 4056 2243 4092 11.
2275 4045 2305 4092 i.
2334 4061 2419 4107 pp.
2447 4059 2524 4105 42,
2557 4048 2688 4103 3825).

1638 4143 1686 4191 9.
1745 4128 2066 4190 scquchantur
2106 4128 2254 4182 enim,
2300 4124 2417 4184 &c.]
2485 4125 2579 4172 See
2617 4135 2734 4173 note

1573 4223 1637 4255 on
1674 4225 1724 4271 p.
1764 4224 1803 4267 1,
1844 4207 1876 4256 l.
1917 4227 1961 4268 4.
2033 4207 2211 4254 Thdt.:
2252 4207 2582 4265 ἀναντίρρητος
2619 4207 2667 4252 δὲ
2703 4206 2735 4263 ἡ

1573 4293 1824 4351 ἀπόδειξις.
1901 4292 2058 4351 ἑώρων
2102 4291 2199 4350 γὰρ
2244 4290 2306 4336 τὰ
2354 4290 2429 4335 διὰ
2473 4290 2560 4335 τοῦ
2605 4291 2735 4337 θείου

1573 4376 1837 4433 πνεύματος
1874 4376 2184 4434 ἐνεργούμενα
2225 4374 2462 4426 θαύματα.
2553 4374 2633 4419 On
2677 4374 2734 4420 τὸ

1573 4457 1757 4508 πνεῦμα
1791 4456 1876 4501 τοῦ
1910 4455 2007 4500 υἱοῦ
2040 4454 2139 4501 and
2172 4451 2334 4514 Ἀββέι
2366 4454 2393 4501 o'
2428 4454 2607 4514 πατήρ,
2651 4470 2733 4502 sce

1573 4537 1715 4586 Th.'s
1740 4537 1957 4585 remarks
1981 4552 2045 4584 on
2078 4538 2219 4585 Rom.
2247 4536 2345 4585 viii.
2386 4552 2455 4592 ιι,
2504 4550 2573 4596 ¹5·
