3293 5233
448 2061 519 2130 15

547 358 665 421 168

1205 366 1664 420 THEODORUS
1709 364 2297 419 MOPSUESTENUS

2497 349 2647 436 [IV.
2688 365 2962 433 10—.13.

672 539 790 623 qui
830 538 1163 616 descendit,
1214 537 1344 622 ψει
1389 549 1488 604 est
1530 548 1597 604 et
1637 538 1755 621 qni
1799 538 2088 604 ascendit
2132 549 2325 621 snper
2363 539 2581 602 omnes
2621 537 2840 615 caelos,
2881 544 2965 601 ut

543 640 834 724 impleret
856 640 1094 707 omnia.

677 788 812 831 non
858 769 970 850 qui
1015 769 1364 832 descendit
1409 768 1552 852 ipse
1595 778 1699 833 est
1742 778 1810 832 et
1854 767 1968 850 qui
2004 768 2345 846 ascendit;
2386 765 2958 850 quemadmodum

546 873 725 936 enim
758 871 895 935 fieri
927 881 1205 953 poterat,
1236 881 1311 935 ut
1342 872 1451 936 ille
1480 873 1591 954 qui
1624 871 2021 956 adsumptus
2052 882 2154 936 est
2183 871 2387 934 homo
2429 872 2572 954 ipse
2613 872 2702 934 sit
2746 879 2814 933 et
2842 867 2961 951 qui

484 973 634 1039 5de
692 972 879 1036 caelo
936 973 1328 1037 descendit?
1416 973 1631 1037 simile
1683 984 1785 1037 est
1836 984 2060 1037 autem
2109 974 2237 1037 hoc
2287 973 2545 1037 dictum
2595 972 2686 1035 illi
2736 972 2962 1034 dicto:

549 1098 728 1141 nemo
772 1076 1059 1140 ascendit
1102 1077 1173 1141 in
1216 1078 1475 1152 caelum,
1522 1076 1658 1141 nisi
1701 1076 1817 1160 qni
1863 1076 1941 1140 de
1985 1063 2152 1140 'caelo
2187 1065 2506 1140 descendit
2524 1093 2542 1153 ;
2557 1065 2732 1139 ‘uult
2779 1075 2960 1137 enim

548 1182 767 1245 dicere
797 1182 1112 1263 quoniam
1145 1182 1200 1245 is
1233 1182 1299 1244 in
1331 1201 1529 1264 quem
1562 1180 1791 1243 diuina
1821 1181 2168 1244 descendit
2208 1190 2447 1243 natura
2484 1197 2683 1260 super
2725 1196 2964 1241 omnes

549 1284 822 1349 effectus
852 1293 954 1349 est
984 1286 1218 1360 cae105,
1251 1285 1362 1347 illo
1394 1286 1798 1363 ascenden-s3
1842 1284 1935 1347 ita
1966 1294 2039 1348 ut
2070 1294 2137 1348 et
2168 1283 2239 1347 in·
2267 1284 2580 1347 omnibus
2608 1285 2784 1348 idem
2816 1303 2965 1348 esse

550 1387 869 1461 uideatur,
928 1388 1240 1451 omnibus
1300 1387 1383 1449 ad
1447 1406 1598 1449 eum
1660 1386 2071 1449 intuentibus
2137 1394 2414 1468 propter
2438 1376 2452 1389 ’
2476 1385 2963 1449 inhabitantem

448 1501 525 1548 10
552 1498 877 1551 naturam.
958 1498 1037 1573 et⁸
1073 1489 1390 1570 quoniam
1438 1489 1504 1550 in
1554 1487 1682 1549 hoc
1723 1506 2096 1550 sermonem
2130 1488 2444 1562 adtraxit,
2476 1486 2708 1550 uolens
2744 1487 2965 1550 dicere

550 1591 729 1653 unde
765 1600 833 1653 et
874 1590 1214 1672 quomodo
1259 1589 1351 1652 illi
1398 1590 1510 1671 qui
1560 1590 1924 1652 secundum
1967 1610 2232 1652 carnem
2272 1599 2374 1652 est
2416 1588 2683 1652 Christo
2729 1589 2795 1651 id
2839 1609 2964 1651 ex-

549 1691 689 1753 titit
735 1700 808 1753 ut
854 1691 983 1756 ista
1013 1693 1487 1774 adsequeretur
1518 1691 1610 1753 ita
1641 1700 1717 1754 ut
1749 1701 1815 1754 et
1856 1690 2002 1753 aliis
2047 1692 2259 1773 possit
2303 1692 2589 1755 tribuere
2635 1691 2964 1775 spiritales

549 1791 964 1869 donationes,
1009 1794 1281 1855 recurrit
1333 1794 1570 1855 iterum
1635 1794 1719 1855 ad
1753 1812 1971 1855 suam
2022 1793 2204 1856 illam
2251 1787 2688 1875 sequentiam,
2734 1794 2963 1858 dicens

549 1891 890 1970 quomod-o
920 1894 1244 1957 demetita
1274 1903 1376 1957 est
1404 1895 1621 1976 gratia
1653 1895 2005 1977 unicuique
2036 1916 2076 1958 a
2110 1894 2415 1960 Christo:

680 2052 743 2105 et
771 2042 899 2126 ipse
926 2042 1104 2106 dedit
1130 2043 1437 2125 quosdam
1468 2043 1725 2126 quidem
1754 2046 2076 2127 apostolos,
2106 2045 2413 2128 quosdam
2444 2067 2593 2110 nero
2607 2045 2966 2128 prophetas,

550 2148 859 2230 quosdam
902 2147 1349 2230 euangelii-tas,
1386 2148 1698 2230 quosdam
1742 2169 1892 2212 nero
1921 2159 2215 2230 pastores
2256 2158 2320 2212 et
2359 2148 2651 2225 doctores,
2693 2148 2791 2211 ad
2824 2169 2967 2211 con-

550 2252 1043 2315 summationem
1071 2261 1456 2328 sanctorum,
1486 2251 1556 2314 in
1585 2261 1741 2333 opus
1775 2251 2143 2328 ministerii,
2173 2251 2244 2315 in
2282 2252 2648 2348 aedificium
2690 2251 2970 2334 corporis

557 2355 825 2422 Christi.

684 2496 883 2560 ‘haec
918 2496 1357 2560 donationum
1404 2496 1669 2580 (inquit)
1715 2506 1817 2562 est
1860 2497 2257 2575 differentia,
2282 2498 2379 2562 ita
2420 2507 2495 2562 ut
2539 2499 2649 2563 atii
2695 2498 2968 2582 quidem

445 2616 531 2665 20
557 2601 699 2676 ista,
733 2600 843 2663 alii
876 2620 1033 2664 uero
1066 2599 1176 2664 illa
1208 2600 1573 2683 percipient
1605 2600 1690 2664 ad
1723 2621 2079 2663 commune
2124 2600 2604 2664 incrementum
2651 2599 2968 2664 dominici

556 2703 866 2785 corporiS,
898 2702 1335 2786 expedientes
1366 2712 1433 2765 et
1466 2701 1591 2765 illis
1622 2703 1735 2784 qui
1766 2722 1885 2784 per
1915 2702 2175 2785 singula
2205 2701 2483 2765 credunt
2513 2701 2889 2765 momenta!

687 2855 875 2917 donec
902 2876 1309 2919 occurramus
1337 2877 1551 2919 omnes
1580 2856 1651 2919 in
1692 2856 2007 2919 unitatem
2035 2856 2207 2939 fidei
2241 2865 2305 2919 et
2342 2855 2761 2938 cognitionem
2805 2854 2978 2919 Filii

558 2961 691 3026 Dei
718 2961 788 3025 in
819 2961 1042 3024 uirum
1058 2962 1434 3043 perfectum,
1466 2959 1537 3023 in
1570 2980 1939 3022 mensnram
1968 2959 2203 3022 aetatis
2217 2958 2655 3041 plenitudinis
2681 2956 2942 3024 Christi.

690 3098 939 3160 factum
972 3106 1387 3179 praesentem
1420 3095 1768 3179 paruulum
1802 3116 1874 3158 se
1903 3095 2066 3159 dicit
2097 3114 2257 3169 esse,
2288 3096 2372 3157 ad
2407 3095 2974 3177 comparationem

660 3257 690 3304 8
726 3254 775 3302 in
799 3267 877 3302 om
905 3252 981 3302 C*
1268 3269 1299 3317 9
1333 3253 1619 3302 hominibus
1643 3251 1759 3317 (for
1779 3254 1942 3313 omn.)
1971 3254 2016 3302 C
2035 3254 2183 3313 (corr)

569 3350 623 3385 ια
659 3336 804 3384 istam
850 3333 929 3382 C*
955 3334 1021 3382 H
1227 3350 1284 3398 ¹³
1318 3335 1518 3383 diuitias
1555 3334 1671 3398 (for
1704 3334 1900 3393 donat.)
1939 3335 2003 3385 H

568 3416 647 3465 C*
843 3430 901 3463 αι
940 3429 1070 3478 quae
1091 3414 1159 3462 H

633 3573 678 3620 3.
724 3572 824 3605 non
841 3557 933 3621 qui
950 3557 1201 3613 descendit,
1217 3557 1330 3619 &c.]
1356 3558 1460 3617 i.e.,
1482 3557 1568 3608 the
1582 3560 1720 3623 Apo-

563 3637 697 3688 stle’s
720 3647 983 3686 statement
1007 3639 1048 3686 is
1061 3646 1148 3688 not
1165 3648 1217 3688 to
1231 3640 1295 3688 be
1312 3642 1510 3703 pressed
1526 3660 1540 3701 ς
1562 3643 1723 3692 strict-

565 3720 615 3784 ly
638 3718 896 3781 speaking,
926 3718 1009 3767 the
1031 3734 1148 3766 man
1174 3719 1289 3768 who
1312 3721 1558 3769 ascended
1577 3722 1721 3770 isnot

566 3798 800 3848 identical
824 3798 942 3847 with
968 3798 1052 3847 the
1076 3799 1234 3848 Word
1260 3800 1395 3849 Who
1417 3802 1715 3862 descended,

565 3879 805 3944 although
830 3880 913 3928 the
939 3880 1299 3929 identification
1324 3882 1364 3930 is
1395 3883 1590 3932 natural
1620 3884 1721 3931 and

567 3961 814 4019 innocent,
844 3962 893 4007 in
917 3974 1256 4023 consequence
1279 3961 1336 4009 os
1360 3961 1443 4009 the
1470 3963 1719 4023 συνάφεια.

567 4043 723 4091 Thdt.
748 4042 826 4102 (cs.
852 4057 899 4104 p.
923 4039 1001 4100 62,
1033 4041 1062 4089 l.
1087 4056 1164 4097 υ,
1186 4043 1323 4101 note)
1339 4041 1484 4091 holds
1502 4043 1577 4091 off
1595 4044 1719 4091 from

569 4126 666 4173 this
701 4124 971 4187 language;
1004 4123 1163 4171 ἄλλως
1199 4125 1540 4183 κατελήλυθεν,
1581 4124 1645 4173 he
1681 4125 1722 4173 is

567 4216 769 4257 content
796 4216 848 4255 to
872 4223 973 4269 say,
989 4207 1149 4256 ἄλλως
1173 4207 1476 4264 ἀνελήλυθεν.
1529 4208 1720 4270 Thpht.

567 4291 667 4339 and
703 4289 824 4338 Oec-
861 4290 1033 4353 rcgard
1070 4289 1153 4338 the
1188 4287 1439 4351 Apostle's
1473 4291 1635 4338 words
1670 4304 1724 4338 as

570 4388 597 4418 a
632 4370 831 4418 distinct
870 4371 1064 4418 witness
1100 4370 1291 4434 against
1333 4370 1724 4420 Nestorianism:

571 4454 712 4500 τοῖτο
746 4453 832 4510 τὴν
866 4450 1129 4514 Νεστορὶου
1163 4449 1464 4515 καταβάλλει
1495 4456 1724 4516 βλασφη-

2468 3268 2527 3302 ιο
2559 3269 2788 3304 sermone
2816 3255 2861 3304 C
2865 3252 2892 3279 ⁴*
2919 3257 2986 3306 H

2191 3348 2254 3384 ἰο
2284 3348 2603 3384 communem
2638 3334 2714 3384 C*
2744 3333 2753 3393 Ι
2784 3335 2979 3384 domini

1822 3559 1949 3619 μίαν,
2000 3560 2164 3609 writes
2207 3559 2291 3609 the
2336 3559 2511 3618 latter3
2552 3559 2579 3609 ὁ
2613 3561 2767 3620 αὑτός,
2811 3563 2978 3621 φησίν,

1822 3643 1956 3689 ἐστὶν
1977 3639 2003 3689 ὁ
2028 3643 2244 3702 καταβὰς
2267 3643 2347 3689 καὶ
2373 3642 2398 3689 ὀ
2420 3642 2617 3701 ἀναβάς.

1888 3722 1937 3771 6.
2005 3738 2159 3779 nemo,
2184 3723 2300 3783 ἀι]
2368 3722 2422 3772 S.
2444 3722 2580 3787 John
2607 3723 2679 3771 iii.
2711 3737 2783 3785 13.
2863 3724 2984 3773 Vult

1820 3805 1951 3854 enirn
1979 3805 2518 3867 dekere...sequentiam;
2561 3805 2882 3854 abbreviated
2914 3808 2982 3870 by

1825 3886 2085 3935 Lanfranc.
2157 3887 2456 3934 Sententiam
2498 3887 2538 3934 is
2577 3886 2655 3935 his
2689 3887 2897 3951 reading
2929 3887 2990 3936 os

1824 3969 1907 4016 the
1931 3969 2024 4016 last
2050 3967 2201 4016 word.

1895 4062 1965 4110 17.
2061 4049 2356 4111 aedificium]
2426 4050 2457 4098 i.
2478 4066 2523 4098 e.
2564 4050 2980 4100 aedificationem.

1825 4132 1895 4180 So
1909 4149 1956 4180 v.
1979 4129 2051 4192 16,
2066 4131 2238 4194 infra,·
2252 4132 2341 4179 but
2358 4149 2397 4180 v.
2414 4134 2573 4196 29,ad
2582 4133 2981 4197 aedificationem.

1890 4227 1968 4261 21.
2042 4213 2149 4260 illis
2191 4213 2565 4275 qui...credunt]
2632 4214 2807 4263 'rhdm
2852 4216 2978 4266 ets...

1825 4293 2066 4350 ὠφέλειαν
2102 4294 2198 4339 τῶν
2236 4291 2577 4342 πιστευόντων.
2650 4296 2847 4343 τούτους
2882 4296 2985 4356 γὰρ

1827 4375 1911 4422 τοῦ
1933 4373 2146 4433 Χριστοῦ
2171 4372 2561 4435 προσηγόρευσεν
2582 4376 2740 4432 σῶμα.

1894 4468 1970 4517 ²4·
2027 4454 2229 4517 sactum
2250 4455 2576 4519 praesentem]
2644 4456 2714 4506 So
2742 4455 2867 4506 both
2892 4473 2985 4507 our
