3293 5233
295 323 385 386 11.
428 336 521 404 ις,
562 322 678 406 16.]
1106 336 1188 386 IN
1237 336 1343 388 ΕΡ.
1387 336 1490 386 AD
1536 335 1888 388 GALATAs.

2624 331 2702 398 25

293 508 608 590 operibus
653 508 821 591 legis
862 508 1218 577 iustificari.
1310 508 1507 573 simul
1542 519 1609 573 et
1653 509 1838 573 illam
1880 529 2053 592 quae
2092 528 2180 573 ex
2221 507 2356 572 fide
2388 517 2489 571 est
2526 507 2712 571 iusti·

292 611 456 672 tiam
510 611 928 692 comparauit
978 610 1071 673 illi
1122 612 1412 676 iustitiae
1469 632 1643 694 quae
1704 632 1793 676 ex
1854 613 2003 695 lege
2055 620 2157 675 est
2183 630 2199 689 ;
2262 611 2447 673 cuius
2506 609 2708 673 etiam

293 713 691 796 dignitatem
748 713 974 777 multis
1031 716 1247 778 modis
1300 716 1639 799 publicare
1700 715 2186 799 deproperauit.
2291 713 2422 777 hoc
2482 721 2708 776 autem

293 816 471 879 idem
527 826 595 880 et
644 816 773 880 hoc
819 818 886 880 in
943 817 1090 881 loco
1137 817 1312 892 facit,
1361 820 1757 883 necessitate
1809 818 2108 881 maxima
2153 837 2225 880 se
2270 814 2708 898 conpellente.
2769 850 2772 854 Δ

293 919 379 981 ad
412 920 903 983 ostendendum
938 940 1095 982 uero
1128 921 1508 985 euidentem
1535 921 1968 998 intellectum,
1998 922 2154 985 uolo
2186 920 2383 983 latius
2414 918 2709 1002 pandere

295 1022 455 1104 quid
503 1021 715 1086 uoluit
761 1023 979 1087 dicere
1022 1022 1202 1087 illam
1251 1024 1570 1088 iustitiam
1617 1046 1792 1107 quae
1840 1046 1927 1088 ex
1981 1025 2115 1089 fide
2156 1033 2296 1101 est3
2343 1025 2502 1107 quid
2551 1043 2709 1087 uero

297 1122 480 1187 illam
528 1147 700 1208 quae
738 1148 826 1190 ex
873 1127 1183 1210 operibus
1229 1127 1396 1210 legis
1443 1137 1562 1204 est,
1598 1148 1801 1211 quam
1851 1148 2065 1210 neque
2122 1125 2470 1208 adquirere
2514 1125 2709 1189 alicui

298 1228 614 1308 possibile
655 1238 773 1293 est.
863 1230 1112 1293 etenim
1160 1231 1434 1293 modum
1474 1229 1812 1312 quendam
1859 1251 1994 1293 non
2041 1228 2304 1292 modica
2344 1226 2709 1290 secundum

298 1327 712 1394 intellectum
754 1329 1051 1413 pluribus
1088 1330 1243 1394 hinc
1286 1332 1593 1396 dubietas
1636 1332 1907 1395 adnasci
1940 1332 2220 1404 uidetur,
2257 1329 2552 1392 maxime
2583 1327 2709 1391 illis

298 1432 414 1513 qui‘
442 1435 702 1497 cautius
734 1435 1149 1498 considerare
1185 1434 1348 1499 talia
1389 1442 1893 1509 consueuerunt‚
1923 1435 2079 1515 quia
2112 1453 2231 1495 nos
2264 1441 2458 1494 extra
2490 1430 2708 1514 legem

298 1552 429 1596 non
473 1555 742 1612 sumus;
792 1535 945 1600 licet
992 1536 1408 1619 Moysaicam
1457 1534 1673 1617 legem
1722 1555 1855 1598 non
1909 1537 2193 1599 eandem
2241 1557 2392 1599 cum
2445 1535 2711 1599 Iudaeis

297 1638 766 1714 custodiamus,
800 1647 1028 1702 tamen
1060 1648 1215 1703 sunt
1256 1648 1322 1703 et
1364 1637 1541 1721 apud
1575 1658 1699 1701 nos
1737 1638 1960 1720 aliqua
2004 1660 2177 1721 quae
2216 1648 2285 1703 et
2325 1638 2713 1703 festinamus

298 1758 431 1800 non
462 1741 941 1820 praeuaricare.
1006 1742 1253 1805 etenim
1285 1740 1719 1803 homicidium
1747 1761 2062 1804 cauemus
2093 1740 2324 1817 facere,
2355 1750 2422 1804 et
2454 1741 2714 1805 adulte-

299 1842 466 1904 rium
499 1862 516 1919 ;
560 1852 629 1905 et
660 1862 748 1919 ex
781 1842 1039 1924 integro
1071 1842 1185 1905 illa
1218 1863 1390 1925 quae
1430 1863 1666 1906 cauere
1698 1863 1818 1906 nos
1850 1843 2077 1907 diuina
2120 1854 2347 1908 monet
2391 1845 2714 1928 scriptura

298 1945 424 2007 sub
467 1944 612 2027 lege
651 1965 772 2009 nos
812 1966 957 2008 esse
994 1946 1379 2009 ostendunt.

1471 1947 1687 2009 omnis
1728 1948 1905 2010 enim
1946 1947 2333 2011 constitutio
2381 1947 2562 2010 aliud
2602 1948 2712 2031 agi

302 2050 639 2131 praecipit,
673 2047 852 2129 aliud
886 2049 1069 2112 iubet
1099 2049 1318 2112 caueri
1343 2073 1358 2128 ;
1403 2048 1567 2113 haec
1599 2059 1825 2113 autem
1858 2059 1925 2113 et
1957 2049 2069 2114 lex
2101 2060 2204 2114 est
2233 2060 2300 2114 et
2332 2051 2588 2114 dicitur.

433 2151 762 2215 Dominus
807 2152 991 2215 Deus
1040 2152 1351 2216 mortales
1394 2154 1665 2236 quidem
1713 2174 1835 2217 nos
1873 2156 2235 2218 secundum
2292 2167 2712 2239 praesentem

406 2339 425 2373 1
465 2326 730 2376 iustificare
767 2325 843 2376 C'
870 2328 936 2375 Il

301 2409 522 2474 quodam
722 2423 777 2457 11
816 2424 926 2456 eam
960 2424 1110 2472 quam
1149 2410 1193 2458 C
1215 2411 1284 2459 H

369 2578 414 2628 5.
488 2565 598 2613 uolo
628 2565 781 2614 latius
805 2567 1043 2630 pandere]
1122 2566 1183 2615 In
1215 2567 1298 2615 the
1336 2566 1458 2632 long

303 2646 403 2693 and
438 2646 707 2710 important
742 2648 1014 2696 discussion
1048 2648 1210 2696 which
1250 2648 1458 2703 follows,

306 2728 447 2777 Th.'s
469 2729 693 2779 doctrine
716 2730 775 2778 of
783 2730 1107 2792 justification
1126 2745 1291 2778 comes
1310 2730 1461 2778 clear·

303 2810 357 2872 ly
393 2811 497 2860 into
537 2811 679 2859 view.
741 2812 852 2860 The
891 2812 1134 2876 principal
1173 2813 1341 2875 points
1379 2829 1462 2862 are

306 2893 474 2940 these:
512 2890 580 2955 (ι)
606 2892 882 2955 Mortality‚
906 2893 1069 2942 which
1094 2894 1134 2942 is
1158 2895 1374 2943 incident
1410 2902 1462 2943 to

307 2973 391 3021 the
414 2981 610 3036 present
633 2973 732 3031 life,
763 2973 803 3022 is
838 2974 921 3023 the
955 2990 1126 3024 source
1160 2976 1219 3024 of
1245 2976 1460 3040 passion,

307 3054 546 3117 infirmity
577 3056 677 3103 and
710 3055 920 3119 liability
944 3064 996 3104 to
1028 3058 1236 3121 change.
1295 3056 1363 3121 (2)
1400 3058 1462 3106 In

307 3137 406 3185 this
450 3137 722 3193 condition,
769 3138 886 3186 God
928 3138 1018 3187 has
1068 3139 1291 3189 invested
1345 3156 1463 3188 man

308 3219 428 3268 with
453 3236 622 3268 reason
647 3221 746 3268 and
771 3220 869 3270 free
892 3221 1010 3278 will,
1035 3223 1133 3270 and
1159 3224 1362 3272 assisted
1387 3224 1469 3272 his

308 3299 501 3348 natural
526 3316 718 3363 powers
742 3301 792 3348 in
828 3302 911 3350 the
945 3302 1116 3351 choice
1150 3303 1209 3350 of
1231 3304 1364 3367 good
1398 3305 1464 3367 by

308 3383 393 3431 the
417 3383 729 3445 superadded
752 3384 848 3430 law
871 3382 928 3431 of
946 3382 1014 3446 (α)
1039 3386 1342 3441 conscience,
1362 3386 1461 3434 and

310 3461 374 3525 (b)
400 3461 689 3511 revelation.
747 3460 816 3525 (5)
842 3463 1305 3528 Notwithstanding
1328 3465 1466 3514 these

308 3544 471 3608 helps,
496 3560 613 3592 man
639 3545 679 3592 is
701 3545 882 3593 unable
907 3544 957 3592 in
982 3545 1079 3593 this
1106 3545 1190 3594 lise
1225 3553 1276 3594 to
1309 3548 1466 3595 attain

310 3636 364 3677 to
382 3627 566 3692 perfect
585 3627 951 3690 righteousness
965 3644 979 3685 3
1011 3627 1046 3674 it
1072 3627 1112 3674 is
1137 3635 1188 3675 to
1212 3628 1274 3675 be
1297 3628 1466 3676 reach-

311 3710 374 3758 ed
411 3709 531 3772 only
569 3709 620 3756 in
657 3709 765 3757 that
802 3708 963 3756 future
1002 3716 1127 3755 state
1175 3709 1336 3756 which
1382 3709 1467 3757 the

314 3790 660 3838 Resurrection
695 3789 754 3836 of
781 3789 949 3837 Christ
984 3790 1073 3837 has
1102 3789 1341 3846 initiated‚
1368 3790 1466 3838 and

311 3872 371 3920 of
396 3872 560 3920 which
594 3887 669 3920 we
705 3870 895 3919 receive
929 3870 981 3918 in
1006 3871 1230 3934 Baptism
1255 3872 1338 3919 the
1361 3888 1465 3920 ear-

313 3959 423 3999 nest
442 3951 538 3999 and
567 3949 849 4004 fust-fruits,
871 3949 1082 4012 through
1104 3950 1186 3998 the
1204 3950 1294 4014 gift
1311 3951 1369 3998 of
1385 3951 1468 4000 the

316 4034 457 4096 Holy
482 4033 657 4081 Ghost.
722 4031 792 4093 (4)
829 4033 925 4080 &Vc
948 4048 1031 4080 are
1051 4031 1288 4094 justified,
1310 4033 1468 4081 there·

312 4113 433 4168 fore,
470 4112 529 4174 by
545 4111 686 4174 saith
705 4127 726 4170 ;
772 4112 845 4159 for
878 4127 968 4159 our
995 4110 1318 4174 justification
1355 4113 1403 4176 (i.
1420 4130 1461 4162 e.

312 4212 402 4243 our
431 4196 724 4243 attaintnent
760 4203 811 4244 to
845 4193 1227 4258 righteousness)
1262 4196 1470 4259 belongs

314 4283 368 4324 to
402 4275 487 4324 the
521 4274 723 4323 domain
756 4274 815 4322 of
842 4275 924 4323 the
949 4274 1108 4323 future
1130 4275 1228 4323 and
1254 4288 1467 4323 unseen:

313 4356 399 4404 the
423 4356 519 4404 law
541 4364 721 4406 cannot
744 4355 857 4405 lead
893 4364 945 4404 to
978 4355 1162 4419 perfect
1198 4354 1467 4419 righteous-

313 4454 441 4493 ness‚
479 4454 570 4488 ean
606 4438 724 4502 only
756 4438 1018 4487 condemn.
1104 4436 1174 4500 (5)
1209 4437 1281 4486 As
1315 4453 1467 4486 mern-

1122 2344 1149 2377 α
1196 2329 1350 2377 etiam
1391 2337 1441 2378 et
1485 2330 1623 2394 dign.
1670 2330 1734 2378 H

1946 2331 1976 2379 8
2015 2330 2269 2394 quondam
2311 2331 2388 2380 C*
2413 2331 2540 2381 2²1⁴:
2588 2348 2714 2382 corr.

1561 2567 1679 2616 bers
1696 2567 1754 2616 of
1770 2568 1853 2618 the
1880 2567 2031 2616 Risen
2057 2567 2239 2624 Christ,
2265 2583 2340 2616 we
2362 2583 2445 2618 are
2469 2567 2717 2618 freefrom

1563 2649 1648 2698 the
1688 2650 1898 2713 positive
1934 2657 2161 2713 precepts
2190 2648 2249 2698 of
2275 2650 2360 2698 the
2399 2648 2513 2705 law,
2553 2649 2717 2698 which

1561 2731 1664 2778 will
1695 2732 1822 2780 have
1856 2747 1922 2779 no
1955 2731 2097 2794 place
2132 2731 2182 2779 in
2218 2731 2301 2778 the
2336 2730 2418 2779 life
2453 2737 2505 2779 to
2537 2746 2718 2791 come;

1562 2812 1648 2860 the
1693 2811 1848 2860 moral
1894 2821 2138 2875 precepts‚
2178 2811 2340 2860 which
2377 2827 2562 2875 govern
2594 2812 2716 2861 both

1563 2894 1746 2942 worlds
1777 2894 1924 2950 alil-te,
1960 2893 2175 2942 are.still
2210 2900 2263 2941 to
2292 2892 2356 2941 be
2389 2893 2630 2942 observed
2664 2909 2719 2943 as

1563 2992 1594 3025 a
1616 2984 1729 3040 part
1753 2976 1812 3024 of
1828 2976 1911 3024 the
1930 2974 2013 3024 life
2037 2975 2096 3024 of
2111 2976 2194 3024 the
2221 2975 2392 3038 Spirit.

1628 3073 1674 3122 9.
1736 3055 1975 3117 dubietas]
2073 3056 2151 3106 Cf.
2198 3056 2418 3112 Ronsch‚
2459 3057 2613 3116 Itala,
2663 3072 2711 3121 p.

1565 3153 1641 3201 54·

1634 3236 1654 3267 1
1668 3234 1709 3282 7.
1820 3218 2045 3266 mortales
2152 3233 2235 3267 sec.
2315 3225 2482 3281 praes.
2541 3216 2721 3279 uitam]

1567 3302 1746 3365 Comp.
1777 3301 1862 3350 the
1892 3301 2040 3349 Latin
2064 3300 2235 3364 fragm.
2265 3299 2325 3348 of
2350 3298 2493 3348 Th.’s
2523 3299 2721 3348 treatise

1564 3400 1633 3432 on
1677 3382 1884 3448 original
1930 3382 2005 3430 sin
2053 3381 2263 3445 (Migne‚
2312 3395 2583 3442 1005—-11,
2621 3381 2719 3429 and

1565 3467 1624 3513 P.
1663 3466 1722 3513 L.
1757 3467 1839 3525 48,
1884 3463 2141 3526 1051—5),
2180 3466 2344 3513 where
2380 3464 2479 3512 this
2516 3463 2641 3511 view
2680 3463 2721 3511 is

1566 3544 1843 3607 developed
1895 3545 1994 3592 and
2049 3544 2385 3592 maintained:
2446 3547 2596 3590 “non
2652 3541 2722 3590 ait

1566 3626 1707 3674 Deus
1745 3626 2006 3675 ‘mortales
2042 3625 2209 3682 eritis,'
2248 3626 2337 3674 sed
2372 3631 2522 3673 morte
2556 3625 2721 3673 morie-

1567 3708 1711 3763 mini,
1738 3723 1934 3771 prorsus
1957 3709 2277 3757 existentibus
2300 3715 2477 3756 natura
2502 3705 2720 3755 mortali-

1567 3790 1659 3838 bus
1684 3790 1861 3839 inferre
1885 3790 2055 3838 mortis
2073 3790 2425 3852 experientiam
2450 3787 2720 3836 commina-

1568 3878 1645 3919 tus
1739 3887 1839 3919 non
1863 3871 1996 3934 quod
2022 3878 2138 3918 tunc
2161 3870 2394 3918 mortales
2418 3869 2605 3926 fierent,
2634 3869 2720 3916 sed

1567 3952 1703 4014 quod
1737 3951 1875 4014 digni
1909 3958 2067 3999 essent
2102 3950 2187 4012 qui
2222 3949 2393 3998 mortis
2427 3949 2721 3996 sententiam

1569 4049 1658 4097 per
1681 4034 2114 4097 transgressionem
2139 4030 2423 4080 referrent.”
2491 4035 2722 4078 “certum

1568 4119 1640 4161 est
1688 4113 1821 4160 enirn
1865 4113 1982 4176 quia
2025 4112 2065 4159 si
2106 4127 2219 4159 eum
2264 4109 2577 4159 inmortalem
2617 4126 2723 4158 esse

1569 4192 1820 4251 uoluisset,
1865 4208 1929 4240 ne
1974 4191 2136 4255 ipsum
2173 4189 2375 4254 quidem
2416 4188 2725 4237 intercedens

1567 4285 1826 4339 peccatum
1872 4274 1970 4322 Dei
2016 4273 2309 4322 sententiam
2354 4278 2720 4328 commutasset,

1567 4357 1685 4419 quia
1739 4371 1832 4404 nec
1886 4355 2140 4404 diabolum
2190 4354 2302 4404 fecit
2361 4371 2418 4403 ex
2478 4352 2726 4401 inmortali

1567 4435 1883 4485 mortalem.”

2745 1438 2822 1486 10
